@phdthesis{chebaro:phd,
  author = {Omar Chebaro},
  title  = {Classification de menaces d'erreurs par analyse statique,
 simplification syntaxique et test structurel de programmes},
  year   = 2011,
  school = {University of Franche-Comt\'e},
  month  = dec,
  note={In French}
}

@INPROCEEDINGS{framac-paper,
  author = {Pascal Cuoq and Florent Kirchner and Nikolai Kosmatov and 
            Virgile Prevosto and Julien Signoles and Boris Yakobowski},
  title  = {{Frama-C}, A Program Analysis Perspective},
  booktitle   = {the  10th International Conference on
    Software Engineering and Formal Methods ({SEFM} 2012)},
  publisher = {Springer},
  series    = {LNCS},
  volume    = {7504},
  year      = {2012},
  pages     = {233-247},
}

@phdthesis{moy:phd,
  author = {Yannick Moy},
  title  = {Automatic Modular Static Safety Checking for C Programs},
  year   = 2009,
  school = {University Paris 11},
  month  = jan,
}

@Manual{C99TC3,
  organization = "International Organization for Standardization",
  title =        "{ISO}/{IEC}~9899:{TC3}: Programming Languages --- {C}",
  year =         "2007",
  note =         "{\url{http://www.open-std.org/jtc1/sc22/wg14/www/docs/n1256.pdf}}",
}


@manual{jessie,
  author = {Yannick Moy and Claude March\'e},
  title  = {Jessie Plugin Tutorial},
}

@manual{wp,
  author = {Loïc Correnson and Zaynah Dargaye},
  title  = {{WP Plug-in Manual, version 0.5}},
  year   = 2012,
  month  = jan,
}

@article{correnson-signoles,
  author  = {Lo\"ic Correnson and Julien Signoles},
  title   = {{Combining Analyses for C Program Verification}},
  note    = {Submitted},
}

@article{hoare69,
  author  = {C. A. R. Hoare},
  title   = {An Axiomatic Basis for Computer Programming},
  journal = cacm,
  year    = {1969},
  volume  = {12},
  number  = {10},
  pages   = {576--580 and 583}
}
%  month   = oct,


@article{dijkstra75,
  author    = {Edsger W. Dijkstra},
  title     = {Guarded Commands, Nondeterminacy and Formal Derivation of
               Programs},
  journal   = {Communications of the ACM},
  volume    = {18},
  number    = {8},
  year      = {1975},
  pages     = {453-457},
}

@article{floyd67,
  author = {Floyd, Robert W.},
  journal = {Mathematical aspects of computer science},
  number = {19--32},
  title = {Assigning meanings to programs},
  volume = 19,
  year = 1967
}

@article{BonichonRangemaps,
 author = {Bonichon, Richard and Cuoq, Pascal},
 title = {A Mergeable Interval Map},
 journal = {Studia Informatica Universalis, {JFLA} 2010},
 year = {2011},
  volume    = {9},
  number    = {1},
 publisher = {Hermann},
 pages     = {5--37},
} 
% url = {http://studia.complexica.net/Art/RI090101.pdf},

@InProceedings{DelmasERTS12,
  author={P. Cuoq and D. Delmas and S. Duprat and 
          V. {Moya Lamiel}},
  title ={{Fan-C}, a {Frama-C} plug-in for data flow verification},
  booktitle = {the Embedded Real-Time Software and Systems Congress ({ERTS\textsuperscript{2}} 2012)},
  year =      2012,
}


@inproceedings{caveat-use,
 author = {Randimbivololona, Famantanantsoa and Souyris, Jean and Baudin, 
           Patrick and Pacalet, Anne and Raguideau, Jacques and Schoen, 
           Dominique},
 title = {{Applying Formal Proof Techniques to Avionics Software: 
          A Pragmatic Approach}},
 booktitle = 
          {the Wold Congress on Formal Methods in the 
           Development of Computing Systems ({FM'99})},
 year = {1999},
 pages = {1798--1815},
 numpages = {18},
 url = {http://dl.acm.org/citation.cfm?id=647545.730777},
} 
% isbn = {3-540-66588-9},
% address = {London, UK, UK},
% publisher = {Springer-Verlag},
% acmid = {730777},
% series = {FM '99},

@inproceedings{erts08,
  title = {Proving Temporal Properties at Code Level for Basic Operators of 
          Control/Command Programs},
  author = {Delmas, David and Duprat, St\'{e}phane and Baudin, Patrick  and 
            Monate, Benjamin},
  booktitle = {4th European Congress on Embedded Real Time Software},
  year = {2008}
}	

@INPROCEEDINGS{filliatre04icfem,
  author = {Jean-Christophe Filli{\^a}tre and Claude March{\'e}},
  title = {Multi-Prover Verification of {C} Programs},
  booktitle =	 {ICFEM'04},
}
%  pages = {15--29},
%  crossref = {icfem04},
%  year = {2004},
%  pages = {15--29},
%  topics = {team},
%  type_publi = {icolcomlec},
%  note = {http://www.lri.fr/~filliatr/ftp/publis/caduceus.ps.gz}

@PROCEEDINGS{icfem04,
  title = {Formal Engineering Methods},
  year = 2004,
  booktitle = {6th International Conference on Formal Engineering Methods},
  series = {LNCS},
  volume = 3308,
  editor = {Jim Davies and Wolfram Schulte and Mike Barnett},
  address = {Seattle, WA, USA},
  month = NOV,
  publisher = {Springer-Verlag},
}

@INPROCEEDINGS{filliatre07cav,
  author = {Jean-Christophe Filli\^atre and Claude March\'e},
  title = {The {Why/Krakatoa/Caduceus} Platform for Deductive Program
  Verification},
  booktitle = {CAV'07},
}
%  year = {2007}
%  topics = {team, lri},
%  crossref = {cav07},
%  note = {http://www.lri.fr/~filliatr/ftp/publis/cav07.pdf}

@PROCEEDINGS{cav07,
  editor = {Werner Damm and Holger Hermanns},
  title = {Computer Aided Verification},
  booktitle = {19th International Conference on Computer Aided Verification},
  publisher = {Springer-Verlag},
  series = {LNCS},
  address = {Berlin, Germany},
  month = JUL,
  year = {2007}
}

% Barraclough20101372
@article{BBD+10,
title = "A trajectory-based strict semantics for program slicing",
journal = "Theor. Comp. Sci.",
volume = "411",
number = "11--13",
pages = "1372--1386",
year = "2010",
author = "Richard W. Barraclough and David Binkley and Sebastian Danicic and Mark Harman and Robert M. Hierons and Akos Kiss and Mike Laurence and Lahcen Ouarbya",
publisher = {Elsevier},
}
%issn = "0304-3975",
%note = "",
%

@inproceedings{Chebaro_SAC_2012,
  author =	 {Omar Chebaro and Nikolai Kosmatov and Alain Giorgetti 
                  and Jacques Julliand},
  title =	 {Program Slicing Enhances a Verification Technique
                  Combining Static and Dynamic Analysis},
  booktitle =    {the ACM Symposium on Applied Computing ({SAC} 2012)},
  publisher = {ACM},
  year =	 2012,
  pages = {1284--1291},
}
%  year =	 2012,

@inproceedings{BotellaDHKMRW2009_AST,
  author =	 {Bernard Botella and Mickaël Delahaye and Stéphane
                  Hong-Tuan-Ha and Nikolai Kosmatov and Patricia Mouy
                  and Muriel Roger and Nicky Williams},
  title =	 {Automating Structural Testing of {C} Programs:
                  Experience with {PathCrawler}},
  booktitle =	 {the 4th International Workshop on Automation
               of Software Test {(AST 2009)}},
  pages =	 {70--78},
  year =	 2009,
  publisher =	 {{IEEE} Computer Society},
}
%month =	 {May},
%address =	 {Vancouver, Canada}
%publisher =	 {{IEEE} Computer Society},


@inproceedings{WilliamsR_AST09,
  author =	 {Nicky Williams and Muriel Roger},
  title =	 {Test Generation Strategies to Measure Worst-Case Execution Time},
  booktitle =	 {the 4th International Workshop on Automation
               of Software Test {(AST 2009)}},
  pages =	 {88--96},
  year =	 2009,
  publisher =	 {{IEEE} Computer Society},
}
%  pages =	 {70--78},
%  year =	 2009,
%month =	 {May},
%address =	 {Vancouver, Canada}
%publisher =	 {{IEEE} Computer Society},


@inproceedings{KosmatovBRW2011_CSTVA,
  author =	 {Nikolai Kosmatov and  Bernard Botella and Muriel Roger and Nicky Williams},
  title =	 {{Online Test Generation with PathCrawler. Tool demo}},
  booktitle =	 {{CSTVA}},
  pages =	 {70--78},
  year =	 2011,
}
%month =	 {March},
%address =	 {Berlin, Germany}
%publisher =	 {{IEEE} Computer Society},
%booktitle =	 {{the 3rd Workshop on Constraints in Software Testing, Verification, and Analysis (CSTVA 2011)}},


@inproceedings{CadarGPDE06EXE,
  author =	 {Cristian Cadar and Vijay Ganesh and Peter
                  M. Pawlowski and David L. Dill and Dawson R. Engler},
  title =	 {{EXE:} automatically generating inputs of death},
  booktitle =	 {the 13th {ACM} Conference on Computer and
                  Communications Security {(CCS 2006)}},
  year =	 {2006},
  pages =	 {322--335}, 
  publisher = {ACM Press},
}
%  month =	 {November},
%  address =	 {Alexandria, Virginia, USA},



@inproceedings{Cadar_klee:unassisted,
  author    = {Cristian Cadar and
               Daniel Dunbar and
               Dawson R. Engler},
  title     = {{KLEE}: Unassisted and Automatic Generation of High-Coverage
               Tests for Complex Systems Programs},
  booktitle = {{the 8th USENIX Symposium on Operating Systems Design and Implementation (OSDI 2008)}},
  year      = {2008},
  pages     = {209--224},
  publisher = {USENIX Association},
}
%  month={December},
%  address={San Diego, California, USA},

@inproceedings{Chebaro_TAP_2010,
  author =	 {Omar Chebaro and Nikolai Kosmatov and Alain Giorgetti 
                  and Jacquues Julliand},
  title =	 {Combining Static Analysis and Test Generation for {C} Program Debugging},
  booktitle =    {the 4th International Conference on Tests and Proofs ({TAP} 2010)},
  pages =	 {652--666},
  year =	 2010,
  series =       {LNCS},
  publisher = {Springer},
}

%  month={July},
%  pages =	 {652--666},
%  year =	 2010,
%booktitle =    {TAP'10, 4th Int. Conf. on Tests and Proofs},
%pages =	 {652--666},
%editor =       {Fraser, G. and Gargantini, A.},
%address =	 {Malaga, Spain},
%publisher = {Springer},
%series =       {LNCS},
%volume =       6143,
%booktitle =    {TAP'10, 4th Int. Conf. on Tests and Proofs},
%pages =	 {652--666},
%editor =       {Fraser, G. and Gargantini, A.},
%address =	 {Malaga, Spain},
%  series =       {LNCS},
%  volume =       6143,

@inproceedings{Chebaro_TAP_2011,
  author =	 {Omar Chebaro and Nikolai Kosmatov and Alain Giorgetti 
                  and Jacques Julliand},
  title =	 {The {SANTE} Tool: Value Analysis, Program Slicing and Test Generation for {C} Program Debugging},
  booktitle =    {the 5th International Conference on Tests and Proofs ({TAP} 2011)},
  year =	 2011,
  pages =	 {78--83},
  publisher = {Springer},
  series =       {LNCS},
}
%  month = {June},
%  address =	 {Zurich, Switzerland},

@inproceedings{Csallner_TAP07,
  author =	 {Yannis Smaragdakis and Christoph Csallner},
  title =	 {Combining Static and Dynamic Reasoning for Bug
                  Detection},
  booktitle =	 {the First International Conference on
    Tests and Proofs ({TAP} 2007)},
  series = {LNCS},
  volume = {4454},
  year =	 2007,
  pages =	 {1--16},
  publisher = {Springer},
}% address =	 {Zurich, Switzerland},


@article{ErnstPGMPTX2007,
  author =	 {Michael D. Ernst and Jeff H. Perkins and Philip
                  J. Guo and Stephen McCamant and Carlos Pacheco and
                  Matthew S. Tschantz and Chen Xiao},
  title =	 {The {Daikon} system for dynamic detection of likely
                  invariants},
  journal =	 {Sci. Comput. Program.},
  volume =	 69,
  number =	 {1--3},
  pages =	 {35--45},
  year =	 2007,
  publisher = {Elsevier},
}


@article{Ferrante:1987:PDG,
 author = {Ferrante, Jeanne and Ottenstein, Karl J. and Warren, Joe D.},
 title = {The program dependence graph and its use in optimization},
 journal = {ACM Trans. Program. Lang. Syst.},
 volume = {9},
 issue = {3},
 year = {1987},
 pages = {319--349},
 publisher = {ACM},
} 
%month = {July},
%issn = {0164-0925},
%numpages = {31},
% publisher = {ACM},
%address = {New York, NY, USA},

@manual{frama-c-manual,
  title = {Frama-C User Manual},
  author = {Loïc Correnson and Pascal Cuoq and Florent Kirchner and 
Virgile Prevosto and Armand Puccetti and Julien Signoles and Boris Yakobowski},
  year = {2012},
  month = sep,
  note = {URL: http://frama-c.com},
}

@Misc{Polyspace_Homepage,
  key =		 {Polyspace_Homepage},
  author =	 {{Polyspace}},
  title =	 {Software verification tool},
  year =	 {1994--2011},
  note =	 {\mbox{http://mathworks.com/products/polyspace/}},
}

@inproceedings{Deutsch97,
  author    = {Alain Deutsch},
  title     = {On the Complexity of Escape Analysis},
  booktitle = {POPL},
  year      = {1997},
  pages     = {358-371},
  ee        = {http://doi.acm.org/10.1145/263699.263750},
  bibsource = {DBLP, http://dblp.uni-trier.de},
   publisher = {ACM},
}

@inproceedings{ZitserLL04,
  author    = {Misha Zitser and
               Richard Lippmann and
               Tim Leek},
  title     = {Testing static analysis tools using exploitable buffer overflows
               from open source code},
  booktitle = {SIGSOFT FSE},
  year      = {2004},
  pages     = {97-106},
  publisher = {ACM},
}

@inproceedings{cousot77,
  author    = {Patrick Cousot and Radhia Cousot},
  title     = {Abstract interpretation: a unified lattice model for static 
               analysis of programs by construction or approximation of 
               fixpoints},
  booktitle = {the 4th Symposium on Principles of Programming 
               Languages ({POPL} 1977)},
  year      = 1977,
  pages     = {238--252},
}

@inProceedings{GS97,
   author =    {Graf, S. and Sa\"{\i}di, H.},
   title =     {Construction of abstract state graphs with {PVS}},
   booktitle = {CAV},
   pages =     {72--83},
   series =    {LNCS}, 
   volume =    1254,
   publisher = {Springer},
   year =      1997,
}




@inproceedings{GodefroidLM_EMSOFT_2008,
  author =	 {Patrice Godefroid and Michael Y. Levin and David
                  A. Molnar},
  title =	 {Active property checking},
  booktitle =	 {{EMSOFT}},
  year =	 2008,
  pages =	 {207--216},
}
%month =	 oct,
% address   =    {Atlanta, GA, USA},
%  publisher = {ACM},

@inproceedings{GodefroidLM08,
  author    = {Patrice Godefroid and
               Michael Y. Levin and
               David A. Molnar},
  title     = {Automated Whitebox Fuzz Testing},
  booktitle = {the Network and Distributed System Security
               Symposium ({NDSS} 2008)},
  year      = {2008},
  publisher = {The Internet Society},
}
%  ee        = {http://isoc.org/isoc/conferences/ndss/08/papers/10_automated_whitebox_fuzz.pdf},
%  crossref  = {DBLP:conf/ndss/2008},
%  bibsource = {DBLP, http://dblp.uni-trier.de}
%proceedings{DBLP:conf/ndss/2008,
%  title     = {Proceedings of the Network and Distributed System Security
%               Symposium, NDSS 2008, San Diego, California, USA, 10th February
%               - 13th February 2008},
%  booktitle = {NDSS},
%  publisher = {The Internet Society},
%  year      = {2008},
%  bibsource = {DBLP, http://dblp.uni-trier.de}
%}

@article{GodefroidHNRSTL08,
  author    = {Patrice Godefroid and
               Jonathan de Halleux and
               Aditya V. Nori and
               Sriram K. Rajamani and
               Wolfram Schulte and
               Nikolai Tillmann and
               Michael Y. Levin},
  title     = {Automating Software Testing Using Program Analysis},
  journal   = {IEEE Software},
  volume    = {25},
  number    = {5},
  year      = {2008},
  pages     = {30-37},
  ee        = {http://dx.doi.org/10.1109/MS.2008.109},
  bibsource = {DBLP, http://dblp.uni-trier.de}
}


@inproceedings{GulavaniHKNR06SYNERGY,
  author =	 {Bhargav S. Gulavani and Thomas A. Henzinger and
                  Yamini Kannan and Aditya V. Nori and Sriram
                  K. Rajamani},
  title =	 {{SYNERGY:} a new algorithm for property checking},
  booktitle =	 {the 14th {ACM SIGSOFT} International Symposium
               on Foundations of Software Engineering ({FSE} 2006)},
  year =	 2006,
  pages =	 {117--127},
  publisher = {ACM},
}
% address =	 {Portland, Oregon, USA},
%  month =	 {November},

 
@InBook{Kosmatov2009_AIIT,
  author =	 {Nikolai Kosmatov},
  chapter=       {XI: Constraint-Based Techniques for Software Testing},
  title =	 {Artificial Intelligence Applications for Improved
                  Software Engineering Development: New Prospects},

  year =	 2010,
  publisher =	 {IGI Global},
}
%  series =       {Advances in Intelligent Information Technologies Book Series},
% publisher =	 {IGI Global},
%note =	 {ISBN: 1605667587}


@inproceedings{Mediabench,
 author = {Lee, Chunho and Potkonjak, Miodrag and Mangione-Smith, William H.},
 title = {{MediaBench:} a tool for evaluating and synthesizing multimedia and communicatons systems},
 booktitle = {the 30th Annual {IEEE/ACM} International Symposium on Microarchitecture ({MICRO} 1997)},
 year = {1997},
 pages = {330--335},
 publisher = {IEEE Computer Society},
} 
%isbn = {0-8186-7977-8},
% location = {Research Triangle Park, North Carolina, United States},
%keywords = {MediaBench, SIMD, SPEC benchmark suite, VLIW, benchmark suite, communications systems, compilation technology, embedded applications, experimental measurement, general-purpose computing, general-purpose systems, inner-loops, instruction-level parallelism, microprocessor architectures, multimedia systems, optimization},
%publisher = {IEEE Computer Society},
%acmid = {266832},
%note = {http://portal.acm.org/citation.cfm?id=266800.266832},
%numpages = {6},
%address = {Washington, DC, USA},


@Misc{PCOnline_Homepage,
  key =		 {PCOnline_Homepage},
  author =	 {Nikolai Kosmatov},
  title =	 {Online version of {PathCrawler}.},
  year =	 {2010--2012},
  note =	 {\mbox{http://pathcrawler-online.com/}},
}
%  title =	 {Online version of the {PathCrawler} test generator}},

@TechReport{RepsYang1988,
AUTHOR = "Thomas W. Reps and Wuu Yang",
TITLE = "The Semantics of Program Slicing.",
institution = {Univ. of Wisconsin},
YEAR = {1988},
}
%

@Article{STTT07,
  author =  {Dirk Beyer and Thomas A. Henzinger and Ranjit Jhala 
             and Rupak Majumdar},
  title =   {The Software Model Checker {{\sc Blast}}: Applications to Software Engineering},
  journal = {Int. J. Softw. Tools Technol. Transfer},
  volume =  {9},
  number =  {5-6},
  year =    2007,
  pages = {505-525},
}
%year = {2007. Invited to special issue of selected papers from FASE 2004/05},
%pages = {505-525},


@inproceedings{Verisec07,
  author =	 {K. Ku and T. E. Hart and M. Chechik and D. Lie},
  title =	 {A buffer overflow benchmark for software model
                  checkers},
  booktitle =	 {the 22nd {IEEE/ACM} International Conference on Automated Software
               Engineering ({ASE} 2007)},
  year =	 2007,
  pages =	 {389--392},
  publisher = {ACM},
}
 %address =	 {USA},

@inproceedings{Visser05,
  author =	 {C. Pasareanu and R. Pelanek and W. Visser},
  title = {Concrete Model Checking with Abstract Matching and Refinement},
  booktitle =	 {the 17th International Conference on
               Computer Aided Verification ({CAV} 2005)},
  series = {LNCS},
  volume = {3576},
  year =	 2005,
  pages     = {52--66},
  publisher = {Springer},
}


@inproceedings{Weiser81,
 author = {Mark Weiser},
 title = {Program slicing},
 booktitle = {the 5th International Conference on Software
               Engineering ({ICSE} 1981)},
 year =	 1981,
 pages = {439--449},
 publisher = {IEEE Computer Society},
} 
%isbn = {0-89791-146-6},
% location = {San Diego, California, United States},
%publisher = {IEEE Press},
% address = {Piscataway, NJ, USA},
% year = {1981},
% numpages = {11},

@article{Weiser82,
  author    = {Mark Weiser},
  title     = {Programmers Use Slices When Debugging},
  journal   = {Commun. ACM},
  volume    = {25},
  number    = {7},
  year      = {1982},
  pages     = {446-452},
}
%bibsource = {DBLP, http://dblp.uni-trier.de}


@InProceedings{WilliamsMMR05EDCC,
  author =	 {N. Williams and B. Marre and P. Mouy and M. Roger},
  title =	 {{PathCrawler}: automatic generation of path tests by
                  combining static and dynamic analysis},
  booktitle =	 {the 5th European Dependable Computing
               Conference on Dependable Computing ({EDCC} 2005)},
  series = {LNCS},
  volume    = {3463},
  pages =	 {281--292},
  year =	 2005,
   publisher = {Springer},
}
%month =	 {April}
%address =	 {Budapest, Hungary},

@INPROCEEDINGS{RepsYang1989,
AUTHOR = "Thomas W. Reps and Wuu Yang",
TITLE = "The Semantics of Program Slicing and Program Integration.",
booktitle = "TAPSOFT, Vol.2'89",
PAGES = {360-374},
YEAR = {1989},  
}

@article{WZ10,
 author    = {Martin P. Ward and
               Hussein Zedan},
 title     = {{Deriving a Slicing Algorithm via FermaT Transformations}},
 journal ={IEEE Transactions on Software Engineering},
 volume = {99},
 number = {PrePrints},
 issn = {0098-5589},
 year = {2010},
 doi = {http://doi.ieeecomputersociety.org/10.1109/TSE.2010.13},
 publisher = {IEEE Computer Society},
 address = {Los Alamitos, CA, USA},
}

% DBLP:conf/scam/BinkleyDGHKK05
@inproceedings{BDG+05,
  author    = {David Binkley and
               Sebastian Danicic and
               Tibor Gyim{\'o}thy and
               Mark Harman and
               {\'A}kos Kiss and
               Bogdan Korel},
  title     = {Minimal Slicing and the Relationships Between Forms of Slicing},
  booktitle = {SCAM},
  year      = {2005},
  pages     = {45-56},
  ee        = {http://dx.doi.org/10.1109/SCAM.2005.18},
  crossref  = {DBLP:conf/scam/2005},
  bibsource = {DBLP, http://dblp.uni-trier.de}
}

% DBLP:journals/jss/HarmanBD03
@article{HBD03,
  author    = {Mark Harman and
               David Binkley and
               Sebastian Danicic},
  title     = {Amorphous program slicing},
  journal   = {Journal of Systems and Software},
  volume    = {68},
  number    = {1},
  year      = {2003},
  pages     = {45-64},
  ee        = {http://dx.doi.org/10.1016/S0164-1212(02)00135-8},
  bibsource = {DBLP, http://dblp.uni-trier.de}
}

@proceedings{DBLP:conf/scam/2005,
  title     = {5th IEEE International Workshop on Source Code Analysis
               and Manipulation (SCAM 2005), 30 September - 1 October 2005,
               Budapest, Hungary},
  booktitle = {SCAM},
  publisher = {IEEE Computer Society},
  year      = {2005},
  isbn      = {0-7695-2292-0},
  bibsource = {DBLP, http://dblp.uni-trier.de}
}





@inproceedings{BardinH08,
  author =	 {S{\'e}bastien Bardin and Philippe Herrmann},
  title =	 {Structural Testing of Executables},
  booktitle =	 {the First International Conference on Software Testing, Verification,
               and Validation ({ICST} 2008)},
  year =	 2008,
  pages =	 {22--31},
  publisher =	 {IEEE Computer Society},
}
%  address =	 {Lillehammer, Norway},
%  month =	 {April},

@inproceedings{BardinHP10,
  author =	 {S. Bardin and P. Herrmann and F. Perroud},
  title =	 {An alternative to {SAT}-based approaches for bit-vectors},
  booktitle =	 {the 16th International Conference on Tools and Algorithms 
    for the Construction and Analysis of Systems ({TACAS} 2010)},
  year =	 2010,
  pages =	 {84--98},
  publisher = {Springer},
  series    = {LNCS},
  volume    = {6015},
}

@inproceedings{VisvanathanGupta02,
  author =	 {Srinivas Visvanathan and Neelam Gupta},
  title =	 {Generating Test Data for Functions with Pointer
                  Inputs},
  booktitle =	 {{ASE'02}},
  year =	 2002,
  isbn =	 {0-7695-1736-6},
  pages =	 149,
  address =	 {Edinburgh, Scotland, UK},
  month =	 {September},
}

@InProceedings{CharreteurBG07,
  author =	 {Charreteur, Florence and Botella, Bernard and
                  Gotlieb, Arnaud},
  title =	 {Modelling dynamic memory management in
                  Constraint-Based Testing},
  booktitle =	 {{TAIC-PART'07}},
  address =	 {Windsor, UK},
  month =	 {September},
  year =	 2007,
}

@Book{ADL,
  author =	 {The Open Group Research Institute, SunTest},
  title =	 {ADL 2.O for C Language Reference Manual, Version
                  1.1},
  publisher =	 {http://adl.opengroup.org/documents/index.html},
  year =	 1998
}

@Book{AnsiC,
  author =	 {B. W. Kernighan AND D. M. Ritchie },
  title =	 {Le langage C Norme ANSI, 2ème édition },
  publisher =	 {Editions Dunod},
  year =	 2004,
  note =	 { http://manju.cs.berkeley.edu/cil/}
}

@book{B,
  author =	 "Abrial, J.-R.",
  title =	 "The {B} Book - Assigning Programs to Meanings",
  publisher =	 "Cambridge University Press",
  isbn =	 0521496195,
  year =	 1996,
  month =	 aug
}

@InBook{B2,
  author =	 {K. Robinson},
  title =	 {Introduction to the {B} Method},
  publisher =	 {Springer},
  crossref =	 "Bcases98"
}

@Book{CIL,
  author =	 {{CIL: C Intermediate Language}},
  title =	 {Infrastructure for C Program Analysis and
                  Transformation},
  publisher =	 {CIL},
  year =	 {2005/2006},
  note =	 {http://manju.cs.berkeley.edu/cil/}
}


@inproceedings{GaneshD07STP,
  author =	 {Vijay Ganesh and David L. Dill},
  title =	 {A Decision Procedure for Bit-Vectors and Arrays},
  booktitle =	 {{CAV'07}},
  year =	 2007,
  address =	 {Berlin, Germany},
  month =	 {July},
  pages =	 {322--335},
}

@article{DeMilloO91,
  author =	 {Richard A. DeMillo and A. Jefferson Offutt},
  title =	 {Constraint-Based Automatic Test Data Generation},
  journal =	 {IEEE Trans. Softw. Eng.},
  volume =	 17,
  number =	 9,
  year =	 1991,
  pages =	 {900--910},
}

@article{DowneyS78,
  author =	 {Peter J. Downey and Ravi Sethi},
  title =	 {Assignment Commands with Array References},
  journal =	 {J. ACM},
  volume =	 25,
  number =	 4,
  year =	 1978,
  pages =	 {652--666},
}

@article{Eclipse11,
  author =	 {J. Schimpf and K. Shen},
  title =	 {{ECLiPSe - from LP to CLP}},
  journal =	 {Theory and Practice of Logic Programming},
  volume =	 12,
  number =	 {1-2},
  pages =	 {127--156},
  year =	 2011,
  ee =		 {http://dx.doi.org/DOI:10.1017/S1471068411000469}
}


@inproceedings{EGT,
  author =	 {C. Cadar and D. R. Engler},
  title =	 {Execution Generated Test Cases: How to Make Systems
                  Code Crash Itself.},
  booktitle =	 {SPIN},
  year =	 2005,
  pages =	 {2--23},
  ee =		 {http://dx.doi.org/10.1007/11537328_2},
  bibsource =	 {DBLP, http://dblp.uni-trier.de}
}

@inproceedings{Edvardsson99,
  author =	 {Edvardsson, Jon},
  title =	 {A survey on automatic test data generation},
  booktitle =	 {the 2nd Conference on Computer Science and
                  Engineering in Linköping},
  pages =	 {21--28},
  year =	 1999,
  month =	 {October},
  organization = {ECSEL},
}

@article{FergusonK96IST,
  author =	 {Roger Ferguson and Bogdan Korel},
  title =	 {Generating test data for distributed software using
                  the chaining approach},
  journal =	 {Information and Software Technology},
  volume =	 38,
  number =	 5,
  year =	 1996,
  pages =	 {343--353},
}

@article{FergusonK96TSEM,
  author =	 {Roger Ferguson and Bogdan Korel},
  title =	 {The Chaining Approach for Software Test Data
                  Generation},
  journal =	 {ACM Trans. Softw. Eng. Methodol.},
  volume =	 5,
  number =	 1,
  year =	 1996,
  pages =	 {63--86},
}

@inproceedings{GodefroidKS05DART,
  author =	 {P. Godefroid and N. Klarlund and K. Sen},
  title =	 {{DART}: Directed Automated Random Testing},
  booktitle =	 {{PLDI'05}},
  address =	 {Chicago, IL, USA},
  month =	 {June},
  pages =	 "213--223",
  year =	 2005
}

@inproceedings{GotliebBR00LNCS,
  author =	 {A. Gotlieb and B. Botella and M. Rueher},
  title =	 {A {CLP} Framework for Computing Structural Test
                  Data},
  booktitle =	 {{CL'00}},
  pages =	 {399--413},
  address =	 {London, UK},
  year =	 2000,
  month =	 "July"
}

@inproceedings{GotliebBR98,
  author =	 {Arnaud Gotlieb and Bernard Botella and Michel
                  Rueher},
  title =	 {Automatic Test Data Generation Using Constraint
                  Solving Techniques},
  booktitle =	 {{ISSTA'98}},
  address =	 {Clearwater Beach, FL, USA},
  year =	 1998,
  month =	 {March},
  pages =	 {53--62},
  ee =		 {http://doi.acm.org/10.1145/271771.271790},
  bibsource =	 {DBLP, http://dblp.uni-trier.de}
}

@inproceedings{GotliebLM10,
  author =	 {A. Gotlieb and M. Leconte and B. Marre},
  title =	 {Constraint solving on modular integers}, 
  booktitle =	 {The {CP 2010} Workshop on Constraint Modelling and Reformulation ({ModRef 2010})},   
  year =	 2010,
}
%  address =	 {St Andrews, Scotland},
%  month  =	 {September}

@inproceedings{Hind01,
  author =	 {Michael Hind},
  title =	 {Pointer analysis: haven't we solved this problem
                  yet?},
  booktitle =	 {the ACM SIGPLAN-SIGSOFT 2001 Workshop on Program
                  Analysis For Software Tools and Engineering
                  (PASTE'01)},
  year =	 2001,
  pages =	 {54--61},
  address =	 {Snowbird, Utah, USA},
  month =	 {June},
}

@book{HopcroftMU00,
  abstract =	 {This book is a rigorous exposition of formal
                  languages and models of computation, with an
                  introduction to computational complexity. The
                  authors present the theory in a concise and
                  straightforward manner, with an eye out for the
                  practical applications. Exercises at the end of each
                  chapter, including some that have been solved, help
                  readers confirm and enhance their understanding of
                  the material. This book is appropriate for
                  upper-level computer science undergraduates who are
                  comfortable with mathematical arguments.},
  author =	 {Hopcroft, John E. and Motwani, Rajeev and Ullman,
                  Jeffrey D. },
  citeulike-article-id =310136,
  howpublished = {Hardcover},
  isbn =	 0201441241,
  keywords =	 {automata, complexity, computational, grammars},
  posted-at =	 {2008-04-23 18:21:50},
  priority =	 0,
  publisher =	 {Addison Wesley},
  title =	 {Introduction to Automata Theory, Languages, and
                  Computation (2nd Edition)},
  note =
                  {http://amazon.ca/exec/obidos/redirect?tag=citeulike09-20\&amp;path=ASIN/0201441241},
  year =	 2000
}

@Book{ISO,
  author =	 {K. G. Knightson},
  title =	 {OSI: Protocol Conformance Testing, IS 9646
                  Explained},
  year =	 1993,
}

@article{King76,
  author =	 {King, James C. },
  title =	 {Symbolic Execution and Program Testing.},
  journal =	 {Commun. ACM},
  volume =	 19,
  number =	 7,
  year =	 1976,
  pages =	 {385--394},
}

@Article{Korel90TSE,
  title =	 "Automated Software Test Data Generation",
  author =	 "B. Korel",
  pages =	 "870--879",
  journal =	 "{IEEE} Transactions on Software Engineering",
  ISSN =	 "0098-5589",
  year =	 1990,
  volume =	 16,
  month =	 aug,
  number =	 8
}

@Misc{Kosmatov08ToyPcr,
  key =		 {Kosmatov08ToyPcr},
  author =	 {Nikolai Kosmatov},
  title =	 {A toy implementation of late-aliases algorithm for
                  all-paths test generation for {C} programs with
                  internal aliases},
  month =	 {May},
  year =	 2008,
  note =	 {\mbox{http://frama-c.cea.fr/test/aliases/index.htm}},
}

@inproceedings{KroeningGC04,
  author =	 {Daniel Kr\"oning and Alex Groce and Edmund
                  M. Clarke},
  title =	 {Counterexample Guided Abstraction Refinement Via
                  Program Execution},
  booktitle =	 {{ICFEM'04}},
  address =	 {Seattle, WA, USA},
  month =	 {November},
  year =	 {2004},
  pages =	 {224--238},
}

@article{Landi92,
  author =	 {William Landi},
  title =	 {Undecidability of Static Analysis},
  journal =	 {ACM Letters on Programming Languages and Systems
                  (LOPLAS)},
  volume =	 1,
  number =	 4,
  year =	 1992,
  pages =	 {323--337},
}

@book{Lap95,
  author =	 "J.-C. Laprie and J. Arlat and J.-P. Blanquart and
                  A. Costes and Y. Crouzet and Y. Deswarte and
                  J.-C. Fabre and H. Guillermain and M. Kaâniche and
                  K. Kanoun and C. Mazet and D. Powell and C. Rabéjac
                  and P. Thévenod",
  title =	 "Guide de la sûreté de fonctionnement",
  publisher =	 "Cépaduès-Editions",
  year =	 1995,
  month =	 Toulouse
}

@inproceedings{LeconteB06,
  author =	 {M. Leconte and B. Berstel},
  title =	 {Extending a cp solver with congruences as domains
for software verification},
  booktitle =	 {the {CP 2006} Workshop on Constraints in Software Testing, Verification and Analysis, {CSTVA 2006}},
  year =	 2006,
}
%  address =	 {Nantes},
%  month =	 {September}

@Article{Meudec01atgen,
  author =	 {C. Meudec},
  title =	 {{ATGen} : automatic test data generation using
                  constraint logic programming and symbolic execution},
  journal =	 {Softw. Test., Verif. Reliab.},
  pages =	 {81--96},
  volume =	 11,
  number =	 2,
  year =	 2001,
}

@Article{PratherM87,
  title =	 "The Path Prefix Software Testing Strategy",
  author =	 "R. E. Prather and J. P. Myers",
  pages =	 "761--766",
  journal =	 "IEEE Transactions on Software Engineering",
  ISSN =	 "0098-5589",
  year =	 1987,
  volume =	 13,
  month =	 jul,
  number =	 7
}

@techreport{Pratt77two,
  author =	 "V. Pratt",
  title =	 "Two easy theories whose combination is hard",
  institution =	 "MIT, Cambridge, Massachusetts, USA",
  month =	 "September",
  year =	 1977,
}

@inproceedings{SenMA05CUTE,
  author =	 {Sen, K. and Marinov, D. and Agha, G. },
  booktitle =	 {the 10th European Software Engineering Conference
               held jointly with 13th {ACM} {SIGSOFT} International Symposium
               on Foundations of Software Engineering  ({ESEC/FSE} 2005)},
  pages =	 {263--272},
  title =	 {{CUTE:} A Concolic Unit Testing Engine for {C}},
  year =	 {2005},
  publisher = {ACM},
}

%  month =	 {September},
%  year =	 2005
%  address =	 {Lisbon, Portugal},
% version longue
% inproceedings{CUTE05,
%  author    = {Koushik Sen and
%               Darko Marinov and
%               Gul Agha},
%  title     = {CUTE: a concolic unit testing engine for C},
%  booktitle = {ESEC/SIGSOFT FSE},
%  year      = {2005},
%  pages     = {263-272},
%  ee        = {http://doi.acm.org/10.1145/1081706.1081750},
%  crossref  = {DBLP:conf/sigsoft/2005},
%  bibsource = {DBLP, http://dblp.uni-trier.de}
%}


@article{SuW05RangeCtrs,
  author =	 {Zhendong Su and David Wagner},
  title =	 {A class of polynomially solvable range constraints
                  for interval analysis without widenings},
  journal =	 {Theor. Comput. Sci.},
  volume =	 345,
  number =	 1,
  year =	 2005,
  pages =	 {122--138},
}

@article{WF89,
  author =	 {D. R. Wallace and R. U. Fujii},
  title =	 { Verification and Validation : Techniques to Assure
                  Reliability},
  journal =	 {IEEE Software},
  volume =	 6,
  number =	 3,
  year =	 1989,
  issn =	 {0740-7459},
  pages =	 {8--9},
  publisher =	 {IEEE Computer Society Press},
  address =	 {Los Alamitos, CA, USA},
}

@inproceedings{Williams05WCET,
  author =	 {Nicky Williams},
  title =	 {{WCET} measurement using modified path testing},
  booktitle =	 {the 5th International Workshop on Worst-Case Execution Time  Analysis ({WCET} 2005)},
  year =	 2005,
}
%  month =	 {July},
%  address =	 {Palma de Mallorca, Spain},

@InProceedings{WilliamsMM04ASE,
  author =	 {Nicky Williams and Bruno Marre and Patricia Mouy},
  title =	 {On-the-fly generation of K-paths tests for {C}
                  functions : towards the automation of grey-box
                  testing},
  booktitle =	 {the 19th IEEE International Conference on Automated Software
               Engineering ({ASE} 2004)},
  pages =	 {290--293},
  year =	 2004,
  publisher = {IEEE Computer Society},
}
%  address =	 {Linz, Austria},
%  month =	 {September},

@inproceedings{Xu06SimC,
  author =	 {Zhongxing Xu and Jian Zhang},
  title =	 {A Test Data Generation Tool for Unit Testing of {C}
                  Programs},
  booktitle =	 {{QSIC'06}},
  month =	 {October},
  address =	 {Beijing, China},
  year =	 2006,
  pages =	 {107--116},
}

@inproceedings{YorshBS06,
  author =	 {Greta Yorsh and Thomas Ball and Mooly Sagiv},
  title =	 {Testing, abstraction, theorem proving: better
                  together!},
  booktitle =	 {the {ACM/SIGSOFT} International Symposium on
               Software Testing and Analysis ({ISSTA} 2006)},
  publisher = {ACM},
  year =	 2006,
  pages =	 {145--156},
}
%  address =	 {Portland, ME, USA},
%  month =	 {July},

@article{Grieskamp:2006,
 author = {Grieskamp, Wolfgang and Tillmann, Nikolai and Schulte, Wolfram},
 title = {XRT-- Exploring Runtime for .NET Architecture and Applications},
 journal = {Electron. Notes Theor. Comput. Sci.},
 issue_date = {February, 2006},
 volume = {144},
 number = {3},
 month = feb,
 year = {2006},
 pages = {3--26},
 numpages = {24},
 publisher = {Elsevier Science Publishers B. V.},
 address = {Amsterdam, The Netherlands, The Netherlands},
 keywords = {CLR model-checking, extensible exploration framework, mixed concrete/symbolic state},
} 


@inproceedings{ZhengR08Alias,
  author =	 {Xin Zheng and Radu Rugina},
  title =	 {Demand-driven alias analysis for {C}},
  booktitle =	 {the 35th ACM SIGPLAN-SIGACT Symposium on Principles
                  of Programming Languages (POPL'08)},
  address =	 {San Francisco, California, USA},
  month =	 {January},
  year =	 2008,
  pages =	 {197--208},
}

@article{ZhuHM97Coverage,
  author =	 {Hong Zhu and Patrick A. V. Hall and John H. R. May},
  title =	 {Software Unit Test Coverage and Adequacy},
  journal =	 {ACM Comput. Surv.},
  volume =	 29,
  number =	 4,
  year =	 1997,
  pages =	 {366--427},
}

@article{adtest,
  author =	 {M. J. Gallagher and V. Lakshmi Narasimhan},
  title =	 {ADTEST: A Test Data Generation Suite for Ada
                  Software Systems},
  journal =	 {IEEE Trans. Softw. Eng.},
  volume =	 23,
  number =	 8,
  year =	 1997,
  issn =	 {0098-5589},
  pages =	 {473--484},
  doi =		 {http://dx.doi.org/10.1109/32.624304},
  publisher =	 {IEEE Press},
  address =	 {Piscataway, NJ, USA},
}

@article{aetg,
  author =	 "D. M. Cohen and S. R. Dalal and M. L. Fredman and
                  G. C. Patton",
  title =	 "The {AETG} System: An Approach to Testing Based on
                  Combinatiorial Design",
  journal =	 "Software Engineering",
  volume =	 23,
  number =	 7,
  pages =	 "437--444",
  year =	 1997,
  note =		 "citeseer.ist.psu.edu/cohen97aetg.html"
}

@InProceedings{afadl,
  author =	 {P. Mouy },
  title =	 {Vers une méthode de génération de test boîte grise
                  "à la volée"},
  booktitle =	 {Proc. AFADL 2004},
  pages =	 "169--183",
  address =	 { Besançon, France},
  year =	 2004,
  month =	 {juin}
}

@InProceedings{afadl2007,
  author =	 {P. Mouy },
  title =	 {Application de critères structurels en présence
                  d'appels de fonctions pour la sélection et
                  génération de tests},
  booktitle =	 {Proc. AFADL 2007},
  address =	 { Namur, Belgique},
  year =	 2007,
  month =	 {juin}
}

@Book{assert,
  author =	 {Y. Cheon},
  title =	 {A Runtime Assertion Checker for the Java Modeling
                  Language},
  publisher =	 {Department of Computer Science},
  address =	 {Iowa State University},
  month =	 {April},
  year =	 2003,
  note =	 {http://cs.iastate.edu/\textasciitilde
                  leavens/JML/Relatedpapers/index.html}
}

@InProceedings{baray,
  author =	 {F. Baray and P. Codognet and D. Diaz and H. Michel},
  title =	 {Code-Based Test Generation for Validation of
                  Functional Processor Descriptions},
  booktitle =	 {Proc. TACAS 2003},
  publisher =	 {Springer Verlag},
  pages =	 {564--584},
  year =	 2003,
  month =	 {Jan}
}

@Book{beizer,
  author =	 {B. Beizer},
  title =	 {Software Testing Techniques},
  publisher =	 {Van Nostrand Reinhold},
  address =	 {New-York},
  year =	 1990
}

@Book{bookmyers,
  author =	 "Glenford J. Myers",
  title =	 "The Art of Software Testing",
  publisher =	 "John Wiley and Sons",
  year =	 1979,
}

@inproceedings{briand,
  author =	 {J. H. Andrews and L. C. Briand and Y. Labiche},
  title =	 {Is mutation an appropriate tool for testing
                  experiments?},
  booktitle =	 {the 27th {International Conference on Software
                  Engineering (ICSE'05)}},
  year =	 2005,
  isbn =	 {1-59593-963-2},
  pages =	 {402--411},
  location =	 {St. Louis, MO, USA},
}

@TechReport{bs85,
  author =	 "V. R. Basili and R. W. Selby",
  institution =	 "University of Maryland at College Park, Department
                  of Computer Science",
  type =	 "Technical Report",
  number =	 "TR-1501",
  title =	 "Comparing the effectiveness of software testing
                  strategies",
  categories =	 "controlled-experiments",
  year =	 1985,
}

@inproceedings{bz,
  author =	 {Ambert, F. and Bouquet, F. and Chemin, S. and
                  Guenaud, S. and Legeard, B. and Peureux, F. and
                  Vacelet, N. and Utting, M.},
  title =	 {{BZ-TT}: A Tool-Set for Test Generation from {Z} and
                  {B} using Constraint Logic Programming},
  booktitle =	 {{Formal Approaches to Testing of Software Workshop}
                  ({FATES'02}) at {CONCUR'02}},
  pages =	 {105--120},
  address =	 {Brn\"o, Czech Republic},
  month =	 aug,
  year =	 2002,
}

@inproceedings{LegeardPU_FME02,
  author =	 {Bruno Legeard and Fabien Peureux and Mark Utting},
  title =	 {Automated boundary testing from {Z} and {B}},
  booktitle =	 {the {International Confefence on Formal Methods
                  Europe} ({FME'02})},
  pages =	 {21--40},
  address =	 {Copenhaguen, Denmark},
  year =	 2002,
  month =	 {July}
}

@inproceedings{caduceus,
  AUTHOR =	 {J.-C. Filli{\^a}tre and C. March{\'e}},
  TITLE =	 {Multi-Prover Verification of {C} Programs},
  CROSSREF =	 {icfem04},
  PAGES =	 {15--29},
  NOTE =		 {http://lri.fr/\textasciitilde
                  filliatr/ftp/publis/caduceus.ps.gz}
}

@article{casl,
  author =	 {E. Astesiano and M. Bidoit and H. Kirchner and
                  B. Krieg-Breckner and P. D. Mosses and D. Sannella
                  and A. Tarlecki},
  title =	 {CASL: the common algebraic specification language},
  journal =	 {Theor. Comput. Sci.},
  volume =	 286,
  number =	 2,
  year =	 2002,
  issn =	 {0304-3975},
  pages =	 {153--196},
  doi =		 {http://dx.doi.org/10.1016/S0304-3975(01)00368-1},
  publisher =	 {Elsevier Science Publishers Ltd.},
  address =	 {Essex, UK},
}

@InProceedings{casting,
  author =	 "L. Van Aertryck and M. Benveniste and D. Le Metayer",
  title =	 "{CASTING} : {A} Formally Based Software Test
                  Generation Method",
  booktitle =	 "ICFEM'97, First IEEE International Conference on
                  Formal Engineering Methods",
  year =	 1997,
  address =	 "Hiroshima, Japon",
  month =	 nov
}

@article{category,
  author =	 {T. J. Ostrand and M. J. Balcer},
  title =	 {The category-partition method for specifying and
                  generating fuctional tests},
  journal =	 {Commun. ACM},
  volume =	 31,
  number =	 6,
  year =	 1988,
  issn =	 {0001-0782},
  pages =	 {676--686},
  doi =		 {http://doi.acm.org/10.1145/62959.62964},
  publisher =	 {ACM Press},
  address =	 {New York, NY, USA},
}

@inproceedings{caveat,
  author    = {Patrick Baudin and
               Anne Pacalet and
               Jacques Raguideau and
               Dominique Schoen and
               Nicky Williams},
  title     = {{CAVEAT:} A Tool for Software Validation},
  booktitle = {the 2002 International Conference on Dependable Systems and Networks ({DSN} 2002)},
  year      = {2002},
  publisher = {IEEE Computer Society},
  pages     = {537},
}
%  year      = {2002},
%  pages     = {537},
%  ee        = {http://doi.ieeecomputersociety.org/10.1109/DSN.2002.1028953},
%  crossref  = {DBLP:conf/dsn/2002},
%  bibsource = {DBLP, http://dblp.uni-trier.de}

@proceedings{DBLP:conf/dsn/2002,
  title     = {2002 International Conference on Dependable Systems and
               Networks (DSN 2002), 23-26 June 2002, Bethesda, MD, USA,
               Proceedings},
  booktitle = {DSN},
  publisher = {IEEE Computer Society},
  year      = {2002},
  isbn      = {0-7695-1597-5},
  bibsource = {DBLP, http://dblp.uni-trier.de}
}


@Article{clarke76,
  author =	 {L. A. Clarke},
  title =	 {A system to generate test data and symbolically
                  execute programs},
  journal =	 {IEEE Transactions on Software Engineering},
  year =	 1976,
  volume =	 2,
  number =	 3,
  pages =	 {215--222},
}

@article{clarke85,
  author =	 {L. A. Clarke and D. J. Richardson},
  title =	 {Applications of symbolic evaluation},
  journal =	 {J. Syst. Softw.},
  volume =	 5,
  number =	 1,
  year =	 1985,
  issn =	 {0164-1212},
  pages =	 {15--35},
  doi =		 {http://dx.doi.org/10.1016/0164-1212(85)90004-4},
  publisher =	 {Elsevier Science Inc.},
  address =	 {New York, NY, USA},
}

@article{clp2,
  author =	 "J. Jaffar and M. J. Maher",
  title =	 "Constraint Logic Programming: A Survey",
  journal =	 "Journal of Logic Programming",
  volume =	 "19/20",
  pages =	 "503--581",
  year =	 1994,
  note =
                  "citeseer.ist.psu.edu/article/jaffar94constraint.html"
}

@article{contract,
  author =	 {B. Meyer },
  journal =	 {IEEE Computer},
  keywords =	 {bibtex-import},
  month =	 {October},
  number =	 10,
  priority =	 0,
  title =	 {Applying ''Design by Contract''},
  volume =	 {40-51},
  year =	 1992
}

@techreport{contractCheon,
  author =	 "Y. Cheon and G. T. Leavens",
  title =	 "A Simple and Practical Approach to Unit Testing: The
                  {JML} and {JUnit} Way",
  number =	 "01--12",
  year =	 2001,
  note =		 "citeseer.ist.psu.edu/cheon01simple.html"
}

@article{contractTraon,
  author =	 {Y. Le Traon and B. Baudry and
                  J.-M. J{\'e}z{\'e}quel},
  title =	 {Design by Contract to Improve Software Vigilance.},
  journal =	 {IEEE Trans. Softw. Eng.},
  volume =	 32,
  number =	 8,
  year =	 2006,
  pages =	 {571--586},
  ee =
                  {http://doi.ieeecomputersociety.org/10.1109/TSE.2006.79},
  bibsource =	 {DBLP, http://dblp.uni-trier.de}
}

@misc{counterexamples,
  author =	 "D. Beyer and A. Chlipala and T. Henzinger and
                  R. Jhala and R. Majumdar",
  title =	 "Generating tests from counterexamples",
  text =	 "Dirk Beyer, Adam J. Chlipala, Thomas A. Henzinger,
                  Ranjit Jhala, and Rupak Majumdar. Generating tests
                  from counterexamples. In 26th International
                  Conference on Software Engineering, Edinburgh,
                  Scotland, May 2004. IEEE Computer Society.",
  year =	 2004,
  note =		 "citeseer.ist.psu.edu/beyer04generating.html"
}

@article{coward,
  author =	 {P. D. Coward},
  title =	 {Symbolic execution and testing},
  journal =	 {Information and Software Technology},
  volume =	 33,
  number =	 1,
  year =	 1991,
  issn =	 {0950-5849},
  pages =	 {53--64},
  doi =		 {http://dx.doi.org/10.1016/0950-5849(91)90024-6},
  publisher =	 {Butterworth-Heinemann},
  address =	 {Newton, MA, USA},
}

@Book{danocops,
  author =	 {Projet RNTL de recherche Danocops},
  title =	 {Détection Automatique de non conformité d'un
                  programme vis à vis des spécifications},
  publisher =	 { http://i3s.unice.fr/\textasciitilde
                  ol/CD/Coprin/node31.html},
}

@article{dataflot,
  author =	 {P. G. Frankl and E. J. Weyuker},
  title =	 {An Applicable Family of Data Flow Testing Criteria},
  journal =	 {IEEE Trans. Softw. Eng.},
  volume =	 14,
  number =	 10,
  year =	 1988,
  issn =	 {0098-5589},
  pages =	 {1483--1498},
  doi =		 {http://dx.doi.org/10.1109/32.6194},
  publisher =	 {IEEE Press},
  address =	 {Piscataway, NJ, USA},
}

@article{dataflow,
  author =	 {S. Rapps and E. J. Weyuker},
  title =	 {Selecting software test data using data flow
                  information},
  journal =	 {IEEE Trans. Softw. Eng.},
  volume =	 11,
  number =	 4,
  year =	 1985,
  issn =	 {0098-5589},
  pages =	 {367--375},
  publisher =	 {IEEE Press},
  address =	 {Piscataway, NJ, USA},
}

@inproceedings{dataflowLaski,
  author =	 {B. Korel and J. Laski},
  title =	 {A tool for data flow oriented program testing},
  booktitle =	 {Proceedings of the second conference on Software
                  development tools, techniques, and alternatives},
  year =	 1985,
  isbn =	 {0-89791-173-3},
  pages =	 {34--37},
  location =	 {San Francisco, California, United States},
  publisher =	 {IEEE Computer Society Press},
  address =	 {Los Alamitos, CA, USA},
}

@InProceedings{dick,
  author =	 {J. Dick and A. Faivre},
  title =	 {Automating the Generation and Sequencing of Test
                  Cases from Model-Based Specifications},
  booktitle =	 { FME93 Industrial-Strength Formal Methods},
  publisher =	 {J.C.P. Woodcock and P.G. Larsen},
  pages =	 {268--284},
  year =	 1993,
  editor =	 {Springer Verlag},
  volume =	 {LNCS 670},
  address =	 {FME Europe},
  month =	 {April}
}

@inproceedings{dy94,
  author =	 "Dillon, L. K. and Yu, Qing",
  title =	 "Oracles for Checking Temporal Properties of
                  Concurrent Systems",
  booktitle =	 "Proceedings of the {ACM} {SIGSOFT} '94 Symposium on
                  the Foundations of Software Engineering",
  pages =	 "140--153",
  year =	 "1994",
  note =		 "citeseer.ist.psu.edu/72621.html"
}

@Book{eclipse,
  author =	 {M. Wallace and S. Novello and J.Schimpf},
  title =	 {{ECLiPSe}: A platform for Constraint Logic
                  Programming},
  publisher =	 {IC-Parc},
  address =	 {Imperial College, London},
  year =	 1997,
  month =	 {August}
}

@book{eiffel,
  author =	 {B. Meyer},
  title =	 {Object-Oriented Software Construction},
  year =	 1988,
  isbn =	 0136290493,
  publisher =	 {Prentice-Hall, Inc.},
  address =	 {Upper Saddle River, NJ, USA},
}

@inproceedings{euclide,
  author =	 {A. Gotlieb},
  title =	 {Euclide: A constraint-based testing platform for critical {C} 
   programs},
  booktitle =	 {the Second International Conference on Software Testing
               Verification and Validation ({ICST} 2009)},
  year =	 2009,
  pages     = {151--160},
  publisher = {IEEE Computer Society},
}
%  address =	 {Denver, CO},
%  month =	 {April}

@misc{faganStatique,
  author =	 "M. E. Fagan",
  title =	 "Design and Code Inspection and Process Control in
                  the Development of Programs",
  text =	 "IBM, TR 21-572, December 1974"
}

@inproceedings{faultmodel,
  author =	 {N. Yevtushenko and A. R. Cavalli and L. P. Lima Jr.},
  title =	 {Test Suite Minimization for Testing in Context.},
  booktitle =	 {IWTCS},
  year =	 1998,
  pages =	 {127--146},
  bibsource =	 {DBLP, http://dblp.uni-trier.de}
}

@article{fisttest,
  author =	 {J. C. Miller and C. J. Maloney},
  title =	 {Systematic mistake analysis of digital computer
                  programs},
  journal =	 {Commun. ACM},
  volume =	 6,
  number =	 2,
  year =	 1963,
  issn =	 {0001-0782},
  pages =	 {58--63},
  doi =		 {http://doi.acm.org/10.1145/366246.366248},
  publisher =	 {ACM Press},
  address =	 {New York, NY, USA},
}

@Book{flottants,
  author =	 {Projet de recherche V3F},
  title =	 {Validation et Vérification en présence de calculs à
                  Virgule Flottante },
  publisher =	 {Sécurité informatique},
  year =	 {2005/2006},
  note =	 { http://lifc.univ-fcomte.fr/\textasciitilde v3f/}
}

@Article{freuder,
  author =	 {Freuder, E.C.},
  title =	 {Synthesizing Constraint Expressions},
  journal =	 {Communications of the {ACM}},
  year =	 1978,
  volume =	 21,
  pages =	 {958--966}
}

@InProceedings{gatel,
  author =	 {B. Marre and A. Arnould},
  title =	 {Test sequences generation from {Lustre} descriptions: {GATeL}},
  booktitle =	 {the 15th {IEEE} International Conference on 
    Automated Software Engineering ({ASE} 2000)},
  pages =	 {229--237},
  year =	 2000,
  publisher =	 {IEEE Computer Society},
}
%  address =	 {Grenoble, France},
%  month =	 {September}

@Article{gatelMBT10,
  author =	 {B. Marre and B. Blanc},
  title =	 {Test selection strategies for {Lustre} descriptions in {GATeL}},
  journal =	 {Electronic Notes in Theoretical Computer Science},
  year =	 2005,
  volume =	 111,
  pages =	 {93--111}
}


@PhdThesis{gotlieb,
  author =	 {A. Gotlieb},
  title =	 {Génération automatique de cas de test structurel
                  avec la programmation logique avec contraintes},
  school =	 {Université de Nice-Sophia Antipolis},
  year =	 2000,
  month =	 {janvier},
}

@PhdThesis{gouraudPhD,
  author =	 {S.-D. Gouraud},
  title =	 {Utilisation des Structures Combinatoires pour le
                  Test Statistique},
  school =	 {Université Paris XI, Orsay},
  year =	 2004,
  type_publi =	 "these"
}

@book{graphes,
  author =	 {C. Berge},
  title =	 {Th\'eorie des graphes et ses applications},
  publisher =	 {Collection Universitaire des Math\'ematiques, Dunod,
                  Paris},
  year =	 1958
}

@inproceedings{gupta,
  author =	 "N. Gupta and A. P. Mathur and M. L. Soffa",
  title =	 "Automated Test Data Generation Using an Iterative
                  Relaxation",
  booktitle =	 "Foundations on software engineering",
  pages =	 "231--244",
  year =	 1998,
  note =		 "citeseer.ist.psu.edu/gupta98automated.html"
}

@InCollection{hamlet,
  author =	 "D. Hamlet",
  title =	 "Software quality, software process, and software
                  testing",
  booktitle =	 "Advances in Computers, vol.\ 41",
  publisher =	 "Academic Press",
  year =	 1995,
  editor =	 "Marvin V. Zelkowitz",
  pages =	 "191--229",
}

@inproceedings{hitorjump,
  author =	 "A. R. Cavalli and D. Lee and C. Rinderknecht and
                  F. Zaidi",
  title =	 "Hit-or-Jump: An algorithm for embedded testing with
                  applications to {IN} services",
  booktitle =	 "{FORTE}",
  pages =	 "41--56",
  year =	 1999,
  note =
                  "citeseer.ist.psu.edu/article/cavalli99hitorjump.html"
}

@Article{hoare,
  author =	 {C.A.R. Hoare},
  title =	 {An axiomatic basis for computer programming},
  journal =	 {Communications of the {ACM}},
  year =	 1969,
  volume =	 12,
  number =	 10,
  pages =	 {567--580}
}

@inproceedings{hutchins,
  author =	 {M. Hutchins and H. Foster and T. Goradia and
                  T. Ostrand},
  title =	 {Experiments of the effectiveness of dataflow- and
                  controlflow-based test adequacy criteria},
  booktitle =	 {ICSE '94: Proceedings of the 16th international
                  conference on Software engineering},
  year =	 {1994},
  isbn =	 {0-8186-5855-X},
  pages =	 {191--200},
  location =	 {Sorrento, Italy},
  publisher =	 {IEEE Computer Society Press},
  address =	 {Los Alamitos, CA, USA},
}

@InProceedings{inka2,
  author =	 {A. Gotlieb and B. Botella and M. Watel},
  title =	 {{INKA} : Ten years after the first ideas},
  booktitle =	 {the International Conference on Software and Systems 
    Engineering and their Applications ({ICSSEA} 2006)},
  year =	 2006,
}
%  address =	 {Paris, France},
%  month =	 {December}

@PhdThesis{jorgensen,
  author =	 {P. C. Jorgensen},
  title =	 {The use of MM-paths in constructive software
                  development},
  school =	 {Arizona State University},
  year =	 1985
}

@misc{korat,
  author =	 "C. Boyapati and S. Khurshid and D. Marinov",
  title =	 "Korat Automatic Test Case Generation from Java
                  Predicates",
  note =		 "citeseer.ist.psu.edu/499497.html"
}

@article{korel92,
  author =	 {B. Korel and H. Wedde and R. Ferguson},
  title =	 {Dynamic method of test data generation for
                  distributed software},
  journal =	 {Inf. Softw. Technol.},
  volume =	 34,
  number =	 8,
  year =	 1992,
  issn =	 {0950-5849},
  pages =	 {523--531},
  doi =		 {http://dx.doi.org/10.1016/0950-5849(92)90146-G},
  publisher =	 {Butterworth-Heinemann},
  address =	 {Newton, MA, USA},
}

@Manual{langageC,
  title =	 "Draft Proposed American National Standard
                  Programming Language C",
  organization = "American National Standards Institute",
  address =	 "1430 Broadway, New York, NY 10018, USA",
  year =	 1986,
  month =	 oct # " 1"
}

@InBook{ legall,
  author =	 "A. Arnould and P. Le Gall",
  booktitle =	 "Test de logiciels",
  title =	 "Test de conformité : une approche algèbrique",
  series =	 "{Revue des sciences et technologies de
                  l'information, serie Technique et science
                  informatiques (RSTI-TSI) }",
  publisher =	 {Hermes Science Publications },
  address =	 {Lavoisier - 11, rue Lavoisier - 75008 Paris },
  year =	 2002,
  volume =	 {21(9)},
  pages =	 {1219--1242}
}

@inproceedings{legall96,
  author =	 "P. Le Gall and A. Arnould",
  title =	 "Formal Specifications and Test: Correctness and
                  Oracle",
  booktitle =	 "{COMPASS}/{ADT}",
  pages =	 "342--358",
  year =	 "1995"
}

@inproceedings{leungwhite,
  author =	 "H. K. N. Leung and L. White",
  title =	 "A study of integration testing and software
                  regression at the integration level",
  booktitle =	 "Conference on Software Maintenance-1990",
  publisher =	 "CA",
  address =	 "San Diego",
  pages =	 "290--301",
  year =	 "Nov 1990",
}

@inproceedings{lin,
  author =	 {J.-C. Lin and P.-L. Yeh},
  title =	 {Using genetic algorithms for test case generation in
                  path testing},
  booktitle =	 {ATS '00: Proceedings of the 9th Asian Test
                  Symposium},
  year =	 2000,
  isbn =	 {0-7695-0887-1},
  pages =	 {241--256},
  publisher =	 {IEEE Computer Society},
  address =	 {Washington, DC, USA},
}

@inproceedings{lutess,
  author =	 {L. Du Bousquet and F. Ouabdesselam and J.-L. Richier
                  and N. Zuanon},
  title =	 {Lutess: a specification-driven testing environment
                  for synchronous software},
  booktitle =	 {ICSE '99: Proceedings of the 21st international
                  conference on Software engineering},
  year =	 1999,
  isbn =	 {1-58113-074-0},
  pages =	 {267--276},
  location =	 {Los Angeles, California, United States},
  publisher =	 {IEEE Computer Society Press},
  address =	 {Los Alamitos, CA, USA},
}

@inproceedings{MarreM10,
  author =	 {B. Marre and C. Michel},
  title =	 {Improving the Floating Point Addition and Subtraction Constraints},
  booktitle =	 {the 16th International Conference on 
    Principles and Practice of Constraint Programming ({CP} 2010)},
  publisher = {Springer},
  series    = {LNCS},
  volume    = {6308},
  pages =	 {360--367},
  year =	 2010
}

@inproceedings{Michel02,
  author =	 {Claude Michel},
  title =	 {Exact projection functions for floating point number constraints},
  booktitle =	 {the 7th International Symposium on Artificial 
    Intelligence and Mathematics ({AIMA} 2002)},
  year =	 2002,
} 
%  address =	 {Fort Lauderdale, Floride (US)}, 
%  month =	 {January}

@article{mc/dc,
  author =	 "J. Chilenski and S.Miller ",
  title =	 "Applicability of Modified Condition /Decision
                  Coverage to software testing.",
  journal =	 "Software Engineering Journal",
  pages =	 "193--200",
  year =	 1994,
}

@misc{mccabe,
  author =	 "A. Watson. T. McCabe",
  title =	 "Structured Testing: A Testing Methodology Using the
                  Cyclomatic Complexity Metric",
  text =	 "NIS Publication 500-23, Inst. of Standards and
                  Technology ",
  year =	 "Aug. 1996"
}

@Book{meyer,
  author =	 {B. Meyer},
  title =	 {Object-oriented Software Construction, Second
                  Edition},
  publisher =	 {Object-oriented Series, Prentice Hall},
  address =	 {New York},
  year =	 1997
}

@inproceedings{michaelMcGraw,
  author =	 "C. C. Michael and G. McGraw",
  title =	 "Automated Software Test Data Generation for Complex
                  Programs",
  booktitle =	 "Automated Software Engineering",
  pages =	 "136--146",
  year =	 1998,
  note =		 "citeseer.ist.psu.edu/michael98automated.html"
}

@article{milo,
  title =	 { Hints on test data selection: Help for the
                  practicing programmer},
  author =	 {R. A. DeMillo and R. J. Lipton and F. G. Sayward},
  journal =	 {IEEE Computer },
  number =	 4,
  pages =	 {34--41},
  volume =	 11,
  year =	 1978
}

@inproceedings{mini1,
  author =	 {N. Yevtushenko and A. R. Cavalli and R. Anido},
  title =	 {Test Suite Minimization for Embedded
                  Nondeterministic Finite State Machines.},
  booktitle =	 {IWTCS},
  year =	 1999,
  pages =	 {237--250},
  bibsource =	 {DBLP, http://dblp.uni-trier.de}
}

@article{mini2,
  author =	 {D. Lee and K. K. Sabnani and D. M. Kristol and
                  S. Paul},
  title =	 {Conformance Testing of Protocols Specified as
                  Communicating Finite State Machines - a Guided
                  Random Walk Based Approach},
  journal =	 {IEEE Trans. on Communications},
  volume =	 44,
  number =	 5,
  pages =	 {631--640},
  month =	 may,
  year =	 1996,
  note =	 {An early version with a title {\it Conformance
                  Testing of Protocols Specified as Communicating
                  FSMs,} appeared in {\it IEEE INFOCOM'93}, March 30 -
                  April 1, pp. 115-127, 1993.}
}

@article{missingpath,
  author =	 {J. B. Goodenough and S. L. Gerhart},
  title =	 {Toward a Theory of Test Data Selection.},
  journal =	 {IEEE Trans. Software Eng.},
  volume =	 1,
  number =	 2,
  year =	 1975,
  pages =	 {156--173},
  bibsource =	 {DBLP, http://dblp.uni-trier.de}
}

@InProceedings{mutationBouquet,
  title =	 "Automated Boundary Test Generation from {JML}
                  Specifications",
  author =	 "F. Bouquet and F. Dadeau and B. Legeard",
  bibdate =	 "2006-08-22",
  booktitle =	 "{FM} 2006: Formal Methods, 14th International
                  Symposium on Formal Methods, Hamilton, Canada,
                  August 21-27, 2006, Proceedings",
  publisher =	 "Springer",
  year =	 2006,
  volume =	 4085,
  editor =	 "Jayadev Misra and Tobias Nipkow and Emil Sekerinski",
  ISBN =	 "3-540-37215-6",
  pages =	 "428--443",
  series =	 "Lecture Notes in Computer Science"
}

@misc{mutationLeTraon,
  author =	 "B. Baudry and V. Hanh and J. Jezequel and Y. Traon",
  title =	 "Trustable components: Yet another mutation-based
                  approach",
  text =	 "B. Baudry, V. L. Hanh, J.-M. Jezequel, and
                  Y. L. Traon. Trustable components: Yet another
                  mutation-based approach. In Symposium on Mutation
                  Testing (Mutation), pages 69--76, 2000.",
  year =	 2000,
  note =		 "citeseer.ist.psu.edu/baudry00trustable.html"
}

@article{mutationOffutt,
  author =	 {J. Offutt and P. Ammann and L. (Ling) Liu},
  title =	 {Mutation Testing implements Grammar-Based Testing},
  journal =	 {mutation},
  volume =	 0,
  year =	 2006,
  isbn =	 {0-7695-2897-X},
  pages =	 12,
  doi =
                  {http://doi.ieeecomputersociety.org/10.1109/MUTATION.2006.11},
  publisher =	 {IEEE Computer Society},
  address =	 {Los Alamitos, CA, USA},
}

@Article{mutationTraon,
  title =	 "Automatic Test Generation: {A} Use Case Driven
                  Approach",
  author =	 "C. Nebut and F. Fleurey and Y. Le Traon and
                  J.-M. J{\'e}z{\'e}quel",
  journal =	 "IEEE Trans. Softw. Eng",
  year =	 2006,
  number =	 3,
  volume =	 32,
  bibdate =	 "2006-08-22",
  pages =	 "140--155",
  NOTE =
                  "http://doi.ieeecomputersociety.org/10.1109/TSE.2006.22",
}

@misc{ mutationVoas,
  author =	 "A. Jefferson Offutt and Jeff Voas and Jeff Payne",
  title =	 "Mutation Operators for Ada",
  note =		 "citeseer.ist.psu.edu/offutt96mutation.html"
}

@article{myersStatique,
  author =	 {G. J. Myers},
  title =	 {A controlled experiment in program testing and code
                  walkthroughs/inspections},
  journal =	 {Commun. ACM},
  volume =	 21,
  number =	 9,
  year =	 1978,
  issn =	 {0001-0782},
  pages =	 {760--768},
  doi =		 {http://doi.acm.org/10.1145/359588.359602},
  publisher =	 {ACM Press},
  address =	 {New York, NY, USA},
}

@article{offuttharrold,
  author =	 {A. Jefferson Offutt and M. J. Harrold and P. Kolte},
  title =	 {A software metric system for module coupling},
  journal =	 {J. Syst. Softw.},
  volume =	 20,
  number =	 3,
  year =	 1993,
  issn =	 {0164-1212},
  pages =	 {295--308},
  doi =		 {http://dx.doi.org/10.1016/0164-1212(93)90072-6},
  publisher =	 {Elsevier Science Inc.},
  address =	 {New York, NY, USA},
}

@inproceedings{ offuttjin,
  author =	 "Z. Jin and A. J. Offutt",
  title =	 "Integration Testing Based on Software Couplings",
  booktitle =	 "Compass '95: 10th Annual Conference on Computer
                  Assurance",
  publisher =	 "National Institute of Standards and Technology",
  address =	 "Gaithersburg, Maryland",
  pages =	 "13--24",
  year =	 1995,
  note =		 "citeseer.ist.psu.edu/285093.html"
}

@inproceedings{onthefly,
  author =	 {J.-C. Fernandez and C. Jard and T. J{\'e}ron and
                  C. Viho},
  title =	 {Using On-The-Fly Verification Techniques for the
                  Generation of test Suites.},
  booktitle =	 {CAV},
  year =	 1996,
  pages =	 {348--359},
  bibsource =	 {DBLP, http://dblp.uni-trier.de}
}

@article{ootesting,
  author =	 {P. C. Jorgensen and C. Erickson},
  title =	 {Object-oriented integration testing},
  journal =	 {Commun. ACM},
  volume =	 37,
  number =	 9,
  year =	 1994,
  issn =	 {0001-0782},
  pages =	 {30--38},
  doi =		 {http://doi.acm.org/10.1145/182987.182989},
  publisher =	 {ACM Press},
  address =	 {New York, NY, USA},
}

@inproceedings{oracle,
  author =	 "D. J. Richardson and S. Leif Aha and T. Owen
                  O'Malley",
  title =	 "Specification-Based Test Oracles for Reactive
                  Systems",
  booktitle =	 "International Conference on Software Engineering",
  pages =	 "105--118",
  year =	 1992,
  note =		 "citeseer.ist.psu.edu/51504.html"
}

@inproceedings{oraclePeters,
  author =	 "D. Peters and D. L. Parnas",
  title =	 "Generating a Test Oracle from Program Documentation",
  booktitle =	 "Proceedings of the 1994 Internation Symposium on
                  Software Testing and Analysis ({ISSTA'94})",
  publisher =	 "Special issue, ACM SIGSOFT Software Engineering
                  Notes",
  editor =	 "Thomas Ostrand",
  pages =	 "58--65",
  year =	 1994,
  note =		 "citeseer.ist.psu.edu/peters95generating.html"
}

@inproceedings{ oracleRichardson,
  author =	 "Debra J. Richardson and Stephanie Leif Aha and
                  T. Owen O'Malley",
  title =	 "Specification-Based Test Oracles for Reactive
                  Systems",
  booktitle =	 "International Conference on Software Engineering",
  pages =	 "105--118",
  year =	 1992,
  note =		 "citeseer.ist.psu.edu/51504.html"
}

@misc{pl01,
  author =	 "A. Pretschner and H. Otzbeyer",
  title =	 "Model Based Testing with Constraint Logic
                  Programming: First Results and Challenges",
  text =	 "A. Pretschner and H. Lotzbeyer. Model Based Testing
                  with Constraint Logic Programming: First Results and
                  Challenges. In 2nd ICSE Intl. Workshop on Automated
                  Program Analysis, Testing, and Verication
                  (WAPATV'01), May 2001. To appear.",
  year =	 2001,
  note =		 "citeseer.ist.psu.edu/pretschner01model.html"
}

@InProceedings{pointsto,
  author =	 {M. Emami and R. Ghiya and L. Hendren},
  title =	 {Context-sensitive inter-procedural points-to
                  analysis in the presence of function pointers},
  booktitle =	 {ACM SIGPLAN'94 Conference on Programming Language
                  Design and Implementation},
  pages =	 {242--256},
  year =	 1994,
  month =	 {june}
}

@Book{precis,
  author =	 {M.-C. Gaudel and B. Marre and F. Schlienger and
                  G. Bernot},
  title =	 {Précis de génie logiciel.},
  publisher =	 {Masson},
  address =	 {Paris},
  year =	 {1996}
}

@book{premordre,
  author =	 {R. Cori and D. Lascar},
  title =	 {Logique mathématique : calcul propositionnel,
                  algèbres de Boole, calcul des prédicats},
  publisher =	 {Collection de loqique mathématique AXIOMES, Masson,
                  Paris},
  year =	 1993
}

@inproceedings{randomwalk,
  author =	 "{M. Mihail} and {C. H. Papadimitriou}",
  title =	 "On the Random Walk Method for Protocol Testing",
  booktitle =	 "Proceedings of the sixth International Conference on
                  Computer-Aided Verification {CAV}",
  volume =	 818,
  publisher =	 "Springer-Verlag",
  address =	 "Standford, California, USA",
  editor =	 "{David L. Dill}",
  pages =	 "132--141",
  year =	 1994,
  note =		 "citeseer.ist.psu.edu/mihail94random.html"
}

@TechReport{rapportDEA,
  author =	 {P. Mouy},
  title =	 {Génération automatique de cas de test avec critère
                  structurel de couverture},
  institution =	 {Université de Technologie de Compiègne},
  year =	 2003,
  type =	 {Rapport DEA},
  annote =	 {Laboratoire Sûreté de Logiciels au CEA / Saclay}
}

@article{salame,
  author =	 {N. Mansour and M. Salame},
  title =	 {Data Generation for Path Testing},
  journal =	 {Software Quality Control},
  volume =	 12,
  number =	 2,
  year =	 2004,
  issn =	 {0963-9314},
  pages =	 {121--136},
  doi =
                  {http://dx.doi.org/10.1023/B:SQJO.0000024059.72478.4e},
  publisher =	 {Kluwer Academic Publishers},
  address =	 {Hingham, MA, USA},
}

@article{sendmore,
  title =	 {{P}rogrammation {L}ogique avec {C}ontraintes (CLP):
                  Etude et application au Puzzle Send plus more equal
                  to money},
  author =	 {Tayeb Lemlouma, Abdelmadjid Boudina},
  journal =	 {{R}evue d'{I}nformatique {S}cientifique et
                  {T}echnique ({RIST})},
  volume =	 10,
  number =	 {1-2},
  year =	 2000,
  address =	 {Algiers, Algeria},
  pages =	 {63--85},
}

@article{sendmore2,
  author =	 {A. D. Kelly and K. Marriott and A. MacDonald and
                  P. J. Stuckey and R. Yap},
  title =	 {Optimizing compilation of CLP( R )},
  journal =	 {ACM Trans. Program. Lang. Syst.},
  volume =	 20,
  number =	 6,
  year =	 1998,
  issn =	 {0164-0925},
  pages =	 {1223--1250},
  doi =		 {http://doi.acm.org/10.1145/295656.295661},
  publisher =	 {ACM Press},
  address =	 {New York, NY, USA},
}

@article{smart,
  author =	 {P. Godefroid},
  title =	 {Compositional dynamic test generation},
  journal =	 {SIGPLAN Not.},
  volume =	 42,
  number =	 1,
  year =	 2007,
  issn =	 {0362-1340},
  pages =	 {47--54},
  doi =		 {http://doi.acm.org/10.1145/1190215.1190226},
  publisher =	 {ACM Press},
  address =	 {New York, NY, USA},
}

@Article{solFlot,
  author =	 {B. Botella and A. Gotlieb and C. Michel},
  title =	 {Symbolic execution of floating-point computations:
                  Research Articles},
  journal =	 {Softw. Test. Verif. Reliab.},
  volume =	 16,
  number =	 2,
  year =	 2006,
  issn =	 {0960-0833},
  pages =	 {97--121},
  doi =		 {http://dx.doi.org/10.1002/stvr.v16:2},
  publisher =	 {John Wiley and Sons Ltd.},
  address =	 {Chichester, UK, UK},
}

@article{specalg,
  author =	 "D. Sannella and A. Tarlecki",
  title =	 "Essential Concepts of Algebraic Specification and
                  Program Development",
  journal =	 "Formal Aspects of Computing",
  volume =	 9,
  number =	 3,
  pages =	 "229--269",
  year =	 1997,
  note =		 "citeseer.ist.psu.edu/sannella96essential.html"
}

@article{specsalge,
  author =	 {P. Dauchy and M.-C. Gaudel and B. Marre},
  title =	 {Using algebraic specifications in software testing:
                  A case study on the software of an automatic
                  subway.},
  journal =	 {Journal of Systems and Software},
  volume =	 21,
  number =	 3,
  year =	 1993,
  pages =	 {229--244},
  ee =		 {http://dx.doi.org/10.1016/0164-1212(93)90025-S},
  bibsource =	 {DBLP, http://dblp.uni-trier.de}
}

@article{spillner,
  author =	 {A. Spillner},
  title =	 {Control Flow and Data Flow Oriented Integration Test
                  Methods},
  journal =	 {Softw. Test., Verif. Reliab.},
  volume =	 2,
  number =	 2,
  year =	 1992,
  pages =	 {83--98},
  bibsource =	 {DBLP, http://dblp.uni-trier.de}
}

@Article{ssa,
  author =	 { R. Cytron and J. Ferrante and B. K.Roseb and
                  M. N. Wegman and F. K. Zadeck},
  title =	 {Efficiently Computing Static Single Assignment Form
                  and the Control Dependance Graph},
  journal =	 {{ACM Transactions on Programming Languages and
                  Systems}},
  year =	 1991,
  volume =	 13,
  number =	 4,
  pages =	 {451--490},
  month =	 {October}
}

@InProceedings{statical,
  author =	 "S. Gouraud and A. Denise and M. Gaudel and B. Marre",
  title =	 "A new way of automating statistical testing methods",
  text =	 "S.-D. Gouraud, A. Denise, M.-C. Gaudel, and
                  B. Marre. A new way of automating statistical
                  testing methods. In Automated Software Engineering
                  Conference, IEEE, pages 5--12, 2001.",
  year =	 "2001",
  note =		 "citeseer.ist.psu.edu/gouraud01new.html"
}

@article{statical2,
  author =	 {P. Th{\'e}venod-Fosse and H. Waeselynck},
  title =	 {An Investigation of Statistical Software Testing.},
  journal =	 {Softw. Test., Verif. Reliab.},
  volume =	 1,
  number =	 2,
  year =	 1991,
  pages =	 {5--25},
  bibsource =	 {DBLP, http://dblp.uni-trier.de}
}

@InProceedings{sv04,
  author =	 {N. Williams and B. Marre and P. Mouy},
  title =	 {Interleaving static and dynamic analyses to generate
                  path tests for {C} functions},
  booktitle =	 {Proc. SV04},
  pages =	 "141--150",
  address =	 {Paris, France},
  year =	 2004,
  month =	 {December}
}

@InProceedings{tracey,
  author =	 {N. Tracey and J. Clark and K. Mander},
  title =	 {Automated Program Flaw Finding using Simulated
                  Annealing},
  booktitle =	 {ISSTA'98},
  publisher =	 {Software Engineering Notes},
  address =	 {New-York},
  number =	 { 2},
  pages =	 {73--81},
  year =	 1998,
  month =	 {March}
}

@inproceedings{transy,
  author =	 "N. Tran Sy and Y. Deville",
  title =	 "Automatic Test Data Generation for Programs with
                  Integer and Float Variables",
  booktitle =	 "ASE '01 : Proceedings of the 16$_th$ IEEE
                  international conference on automated software",
  publisher =	 "IEEE Computer Society",
  address =	 "Washington, DC, USA",
  pages =	 "13--21",
  year =	 2001,
}

@book{tsang,
  author =	 "Tsang, Edward P. K.",
  title =	 " Foundations of Constraint Satisfaction",
  publisher =	 " Academic Press, London and San Diego",
  isbn =	 "0-12-701610-4",
  year =	 1993
}

@book{uml,
  author =	 {Rumbaugh, J. and Jacobson, I. and Booch, G. },
  citeulike-article-id =500637,
  howpublished = {Hardcover},
  isbn =	 0321245628,
  keywords =	 {uml},
  month =	 {July},
  priority =	 2,
  publisher =	 {{Addison-Wesley Professional}},
  title =	 {Unified Modeling Language Reference Manual, The (2nd
                  Edition) (Addison-Wesley Object Technology Series)},
  note =
                  {http://amazon.co.uk/exec/obidos/ASIN/0321245628/citeulike-21},
  year =	 2004
}

@PhdThesis{wong,
  author =	 {W. E. Wong},
  title =	 {On Mutation and Data Flow},
  school =	 {Purdue University, West Lafayette},
  year =	 1993,
  type_publi =	 " PhD thesis"
}

@article{visser04,
  author =	 {Willem Visser and Corina S. P\v{a}s\v{a}reanu and
                  Sarfraz Khurshid},
  title =	 {Test input generation with {J}ava {P}ath{F}inder},
  journal =	 {SIGSOFT Softw. Eng. Notes},
  volume =	 29,
  number =	 4,
  year =	 2004,
  issn =	 {0163-5948},
  pages =	 {97--107},
  doi =		 {http://doi.acm.org/10.1145/1013886.1007526},
  publisher =	 {ACM},
  address =	 {New York, NY, USA},
}

@ARTICLE{coward88,
  title =	 {Symbolic execution systems-a review},
  author =	 {Coward, P.D.},
  journal =	 {Software Engineering Journal},
  year =	 1988,
  month =	 {Nov},
  volume =	 3,
  number =	 6,
  pages =	 {229--239},
  keywords =	 {program testing, program verification, software
                  toolsprogram proving, software engineering, software
                  tools, symbolic execution, testing system},
  ISSN =	 {0268-6961},
}

@inproceedings{godefroid07,
  author =	 {Patrice Godefroid},
  title =	 {Compositional dynamic test generation},
  booktitle =	 {POPL'07},
  year =	 2007,
  isbn =	 {1-59593-575-4},
  month =	 {January},
  pages =	 {47--54},
  address =	 {Nice, France},
}

@inproceedings{mouy08,
  author =	 {Patricia Mouy and Bruno Marre and Nicky Willams and
                  Pascale {Le Gall}},
  title =	 {Generation of All-Paths Unit Test with Function
                  Calls},
  booktitle =	 {the First International Conference on Software Testing, Verification,
               and Validation ({ICST} 2008)},
  year =	 2008,
  pages =	 {32--41},
  publisher =	 {IEEE Computer Society},
}
%  isbn =	 {978-0-7695-3127-4},
%  doi =	 {http://dx.doi.org/10.1109/ICST.2008.35},
%  address =	 {Lillehamer, Norway},

@article{edvardsson99,
  title =	 {{A survey on automatic test data generation}},
  author =	 {Edvardsson, J.},
  journal =	 {Proceedings of the 2nd Conference on Computer
                  Science and Engineering},
  pages =	 {21--28},
  year =	 1999
}

@book{mathur08,
  title =	 {Foundations of Software Testing},
  author =	 {Mathur, Aditya P.},
  publisher =	 {Pearson Editions},
  year =	 2008
}

@inproceedings{majumdar07,
  author =	 {Rupak Majumdar and Koushik Sen},
  title =	 {Hybrid Concolic Testing},
  booktitle =	 {{ICSE'07}},
  year =	 2007,
  month =	 {May},
  isbn =	 {0-7695-2828-7},
  pages =	 {416--426},
  publisher =	 {IEEE Computer Society},
  address =	 {Minneapolis, MN, USA},
}

@inproceedings{boonstoppel08,
  author =	 {Peter Boonstoppel and Cristian Cadar and Dawson
                  R. Engler},
  title =	 {{RWset:} Attacking Path Explosion in
                  Constraint-Based Test Generation},
  booktitle =	 {{TACAS'08} (Part of {ETAPS'08})},
  year =	 2008,
  pages =	 {351--366},
  month =	 {March--April},
  address =	 {Budapest, Hungary},
}

@book{UttingL2006MBT,
  author =	 {Utting, M. and Legeard, B.},
  title =	 {Practical Model-Based Testing - A tools approach},
  publisher =	 {Elsevier Science},
  isbn =	 {0-12-372501-1},
  year =	 2006,
}

@book{FewsterGraham1999,
  author =	 {Mark Fewster and Dorothy Graham},
  title =	 {Software test automation: effective use of test
                  execution tools},
  year =	 1999,
  isbn =	 {0-201-33140-3},
  publisher =	 {ACM Press/Addison-Wesley Publishing Co.},
  address =	 {New York, NY, USA},
}

@book{MosleyPosey2002,
  author =	 {Daniel J. Mosley and Bruce A. Posey},
  title =	 {Just Enough Software Test Automation},
  year =	 2002,
  isbn =	 0130084689,
  publisher =	 {Prentice Hall PTR},
}

@inproceedings{Lamsweerde00,
  author =	 {Axel {van Lamsweerde}},
  title =	 {Formal specification: a roadmap},
  booktitle =	 {the 22nd {International Conference on Software
                  Engineering, Future of Software Engineering Track}
                  {(ICSE'00)}},
  year =	 2000,
  address =	 {Limerick, Ireland},
  pages =	 {147--159},
  month =	 {June},
}

@inproceedings{KosmatovLPU2004,
  author =	 {Nikolai Kosmatov and Bruno Legeard and Fabien
                  Peureux and Mark Utting},
  title =	 {Boundary Coverage Criteria for Test Generation from
                  Formal Models},
  booktitle =	 {the 15th International Symposium on Software
                  Reliability Engineering {(ISSRE 2004)}},
  year =	 2004,
  pages =	 {139--150},
  publisher =	 {IEEE Computer Society},
}
%  isbn =	 {0-7695-2215-7},
%  address =	 {Saint-Malo, France},
%  month =	 {November},

@Misc{SmartTesting,
  key =		 {SmartTesting},
  title =	 {{SmartTesting tool}},
  year =	 2008,
  publisher =	 {\mbox{http://smartesting.com/}},
}

@book{Apt2003,
  author =	 {Krzysztof Apt},
  title =	 {Principles of Constraint Programming},
  year =	 2003,
  isbn =	 {0-521-82583-0},
  publisher =	 {Cambridge University Press},
}

@inproceedings{Kosmatov2006_SAC,
  author =	 {Nikolai Kosmatov},
  title =	 {A Constraint Solver for Sequences and its
                  Applications},
  booktitle =	 {the 21st {Annual ACM Symposium on Applied Computing}
                  {(SAC'06)}},
  year =	 2006,
  month =	 {April},
  pages =	 {404--408},
  publisher =	 {{ACM} Press},
  address =	 {Dijon, France},
}

@inproceedings{Kosmatov2008_ISSRE,
  author =	 {Nikolai Kosmatov},
  title =	 {All-Paths Test Generation for Programs with Internal
                  Aliases},
  booktitle =	 {the 19th International Symposium on Software Reliability Engineering
               ({ISSRE} 2008)},
  year =	 2008,
  pages =	 {147--156},
 publisher =	 {{IEEE} Computer Society},
} 
%  month =	 {November},  
% address =	 {Seattle, WA, USA},

@article{BotellaGM06,
  author =	 {Bernard Botella and Arnaud Gotlieb and Claude
                  Michel},
  title =	 {Symbolic execution of floating-point computations},
  journal =	 {Software Testing, Verification and Reliability},
  volume =	 16,
  number =	 2,
  year =	 2006,
  pages =	 {97--121},
}

@inproceedings{Beckman08YOGI,
  author =	 {Nels E. Beckman and Aditya V. Nori and Sriram
                  K. Rajamani and Robert J. Simmons},
  title =	 {Proofs from tests},
  booktitle =	 {the {ACM/SIGSOFT} International Symposium on
               Software Testing and Analysis ({ISSTA} 2008)}, 
  pages =	 {3--14},
  year =	 2008,
  publisher = {ACM},
 
}

%address =	 {Seattle, WA, USA},
 % address = {New York, NY, USA},
%  isbn =	 {978-1-60558-050-0},
%  doi =		 {http://doi.acm.org/10.1145/1390630.1390634},

@inproceedings{GulavaniCNR08_TACAS08,
  author =	 {Bhargav S. Gulavani, Supratik Chakraborty, Aditya
                  V. Nori and Sriram K. Rajamani},
  title =	 {Automatically Refining Abstract Interpretations},
  booktitle =	 {{TACAS'08}},
  year =	 2008,
  pages =	 {3--14},
}

@inproceedings{Tillmann08PEX,
  author =	 {Tillmann, Nikolai and de Halleux, Jonathan},
  title =	 {White Box Test Generation for {.NET}},
  booktitle =	 {the Second International Conference
    on Tests and Proofs ({TAP} 2008)},
  year =	 2008,
  month =	 {April},
  series =	 {LNCS},
  publisher =	 {Springer},
  volume =	 4966,
  pages =	 {133--153},
}

@inproceedings{Collavizza06,
  author =	 {H{\'e}l{\`e}ne Collavizza and Michel Rueher},
  title =	 {Exploration of the Capabilities of Constraint
                  Programming for Software Verification},
  booktitle =	 {{TACAS'06}},
  year =	 2006,
  pages =	 {182-196},
  ee =		 {http://dx.doi.org/10.1007/11691372_12},
}

@inproceedings{V3F06,
  author =	 {Benjamin Blanc and Fabrice Bouquet and Arnaud
                  Gotlieb and Bertrand Jeannet and Thierry Jeron and
                  Bruno Legeard and Bruno Marre and Claude Michel and
                  Michel Rueher},
  title =	 {The {V3F} project},
  booktitle =	 {{CSTVA'06}},
  year =	 2006,
  address =	 {Nantes, France},
}

@ARTICLE{Goldberg91whatevery,
  author =	 {David Goldberg},
  title =	 {What Every Computer Scientist Should Know About
                  Floating-Point Arithmetic},
  journal =	 {ACM Computing Surveys},
  year =	 1991,
  volume =	 23,
  pages =	 {5--48}
}

@inproceedings{Michel01,
  author =	 {Claude Michel and Michel Rueher and Yahia Lebbah},
  title =	 {Solving Constraints over Floating-Point Numbers},
  booktitle =	 {{CP'01}},
  year =	 2001,
  isbn =	 {3-540-42863-1},
  pages =	 {524--538},
  publisher =	 {Springer-Verlag},
  address =	 {London, UK},
}

@article{Monniaux08,
  author =	 {David Monniaux},
  title =	 {The pitfalls of verifying floating-point
                  computations},
  journal =	 {ACM Trans. Program. Lang. Syst.},
  volume =	 30,
  number =	 3,
  year =	 2008,
  issn =	 {0164-0925},
  pages =	 {1--41},
  doi =		 {http://doi.acm.org/10.1145/1353445.1353446},
  publisher =	 {ACM},
  address =	 {New York, NY, USA},
}

@inproceedings{boyapati02,
  author =	 {Chandrasekhar Boyapati and Sarfraz Khurshid and
                  Darko Marinov},
  title =	 {Korat: automated testing based on {J}ava predicates},
  booktitle =	 {ISSTA'02},
  year =	 2002,
  isbn =	 {1-58113-562-9},
  pages =	 {123--133},
  location =	 {Roma, Italy},
  doi =		 {http://doi.acm.org/10.1145/566172.566191},
  publisher =	 {ACM},
  address =	 {New York, NY, USA},
}


@article{korelprocedures,
  author =	 {Bogdan Korel},
  title =	 {Automated test data generation for programs with
                  procedures},
  journal =	 {SIGSOFT Softw. Eng. Notes},
  volume =	 21,
  number =	 3,
  year =	 1996,
  issn =	 {0163-5948},
  pages =	 {209--215},
  doi =		 {http://doi.acm.org/10.1145/226295.226319},
  publisher =	 {ACM},
  address =	 {New York, NY, USA},
}

@inproceedings{elsa,
  author =	 {Scott McPeak and George C. Necula},
  title =	 {Elkhound: A Fast, Practical {GLR} Parser Generator},
  booktitle =	 {CC},
  year =	 2004,
  pages =	 {73-88},
  ee =
                  {http://springerlink.metapress.com/openurl.asp?genre=article{\&}issn=0302-9743{\&}volume=2985{\&}spage=73},
  crossref =	 {DBLP:conf/cc/2004},
  bibsource =	 {DBLP, http://dblp.uni-trier.de}
}

@proceedings{DBLP:conf/cc/2004,
  editor =	 {Evelyn Duesterwald},
  title =	 {{CC}'04 (Part of {ETAPS'04}), Barcelona, Spain,
                  March 29 - April 2, 2004, Proceedings},
  booktitle =	 {CC},
  publisher =	 {Springer},
  series =	 {Lecture Notes in Computer Science},
  volume =	 2985,
  year =	 2004,
  isbn =	 {3-540-21297-3},
  bibsource =	 {DBLP, http://dblp.uni-trier.de}
}

@inproceedings{FG05,
  author =	 {Cormac Flanagan and Patrice Godefroid},
  title =	 {Dynamic partial-order reduction for model checking
                  software},
  booktitle =	 {{POPL'05}},
  year =	 2005,
  isbn =	 {1-58113-830-X},
  pages =	 {110--121},
  location =	 {Long Beach, CA, USA},
  doi =		 {http://doi.acm.org/10.1145/1040305.1040315},
  publisher =	 {ACM Press},
  address =	 {New York, NY, USA}
}

@book{G95,
  author =	 {Patrice Godefroid},
  title =	 {Partial-Order Methods for the Verification of
                  Concurrent Systems: An Approach to the
                  State-Explosion Problem},
  note =	 {Foreword By-Pierre Wolper},
  year =	 1996,
  isbn =	 3540607617,
  publisher =	 {Springer-Verlag New York, Inc.},
  address =	 {Secaucus, NJ, USA},
}

% editor = {J. van Leeuwen and J. Hartmanis and G. Goos},

@inproceedings{KA06-1,
  author =	 {Koushik Sen and Gul Agha},
  title =	 {Automated Systematic Testing of Open Distributed
                  Programs},
  booktitle =	 {FASE'06 (Part of ETAPS'06)},
  pages =	 "339--356",
  volume =	 3922,
  year =	 2006,
  series =	 {Lecture Notes in Computer Science},
  publisher =	 {Springer}
}

@techreport{KA06-2,
  author =	 {Koushik Sen and Gul Agha},
  title =	 {{jCUTE} : Automated Testing of Multithreaded
                  Programs Using Race-Detection and Flipping},
  institution =	 {University of Illinois at Urbana Champaign},
  year =	 2006,
  number =	 {UIUCDCS-R-2006-2676}
}

@phdthesis{K06,
  author =	 {Koushik Sen},
  title =	 {Scalable Automated Methods for Dynamic Program
                  Analysis},
  booktitle =	 {Ph.D. Thesis},
  school =	 {University of Illinois at Urbana-Champaign.},
  year =	 2006,
  month =	 {June},
  note =	 {Supervisor: Gul Agha},
}

@inproceedings{PawthCrawler_ICST2008,
  author =	 {Bernard Botella and Micka\"el Delahaye and
                  St\'ephane Hong-Tuan-Ha and Nikolai Kosmatov and
                  Patricia Mouy and Muriel Roger and Nicky Williams},
  title =	 {Automating Industrial Structural Testing of {C}
                  Programs: Experience with {PathCrawler}},
  booktitle =	 {{ICST}'09},
  year =	 2009,
  month =	 {April},
  address =	 {Denver, Colorado, USA},
  note =	 {To appear},
}%  publisher =	 {{IEEE} Computer Society},


@article{RamalingamSJM99,
  author    = {G. Ramalingam and
               Junehwa Song and
               Leo Joskowicz and
               Raymond E. Miller},
  title     = {Solving Systems of Difference Constraints Incrementally},
  journal   = {Algorithmica},
  volume    = {23},
  number    = {3},
  year      = {1999},
  pages     = {261-275},
}

@article{Wolfmaier06,
  author =	 {R. Ramler and K. Wolfmaier},
  title =	 {Economic perspectives in test automation: balancing
                  automated and manual testing with opportunity cost},
  journal =	 {Journal of the ACM},
  booktitle =	 {the 2006 International Workshop on Automation of
                  Software Test (AST'06)},
  year =	 2006,
  address =	 {Shanghai, China},
  pages =	 {85--91},
}

@article{Ernst02,
  author =	 {J. W. Nimmer and M. D. Ernst},
  title =	 {Invariant inference for static checking: An
                  empirical evaluation},
  journal =	 {Journal of the ACM},
  booktitle =	 {FSE 2002},
  year =	 2002,
  pages =	 {11--20},
}



@inproceedings{Csallner05,
  author =	 {C. Csallner and Y. Smaragdakis},
  title =	 {Check'n'crash: combining static checking and
                  testing},
  booktitle =	 {the 27th International Conference on Software Engineering 
    ({ICSE} 2005)},
  year =	 2005,
  pages =	 {422--431},
  publisher = {ACM},
}

@inproceedings{Mantere09,
  author =	 {Matti Mantere and Ilkka Uusitalo and Juha Roning},
  title =	 {Comparison of Static Code Analysis Tools},
  booktitle =	 {Third International Conference on Emerging Security
                  Information, Systems and Technologies},
  year =	 2009,
  pages =	 {15--22},
}

@inproceedings{frama-c-er,
  author    = {Pascal Cuoq and
               Julien Signoles and
               Patrick Baudin and
               Richard Bonichon and
               G{\'e}raud Canet and
               Lo\"{\i}c Correnson and
               Benjamin Monate and
               Virgile Prevosto and
               Armand Puccetti},
  title =	 {Experience Report: {OCaml} for an Industrial-Strength
                  Static Analysis Framework},
  booktitle =	 {the 14th {ACM SIGPLAN} international conference
               on Functional programming ({ICFP} 2009)},
  year =	 2009,
  pages =	 {281--286},
  publisher = {ACM},

}


@inproceedings{Correnson12,
  author =	 {Lo\"ic Correnson and Julien Signoles},
  title =	 {{Combining Analyses for C Program Verification}},
  booktitle =	 {the  17th International  Workshop on 
    Formal Methods for Industrial Critical Systems {(FMICS 2012)}},
  year      = {2012},
  pages     = {108--130},
  publisher = {Springer},
  series    = {LNCS},
  volume    = {7437},
}

@inproceedings{DBLP:conf/issta/ElkarabliehGL09,
  author    = {Bassem Elkarablieh and
               Patrice Godefroid and
               Michael Y. Levin},
  title     = {Precise pointer reasoning for dynamic test generation},
  booktitle = {ISSTA},
  year      = {2009},
  pages     = {129-140},
  ee        = {http://doi.acm.org/10.1145/1572272.1572288},
  crossref  = {DBLP:conf/issta/2009},
  bibsource = {DBLP, http://dblp.uni-trier.de}
}

@proceedings{DBLP:conf/issta/2009,
  editor    = {Gregg Rothermel and
               Laura K. Dillon},
  title     = {Proceedings of the Eighteenth International Symposium on
               Software Testing and Analysis, ISSTA 2009, Chicago, IL,
               USA, July 19-23, 2009},
  booktitle = {ISSTA},
  publisher = {ACM},
  year      = {2009},
  isbn      = {978-1-60558-338-9},
  bibsource = {DBLP, http://dblp.uni-trier.de}
}

@proceedings{DBLP:conf/popl/2010,
  editor    = {Manuel V. Hermenegildo and
               Jens Palsberg},
  title     = {Proceedings of the 37th ACM SIGPLAN-SIGACT Symposium on
               Principles of Programming Languages, POPL 2010, Madrid,
               Spain, January 17-23, 2010},
  booktitle = {POPL},
  publisher = {ACM},
  year      = {2010},
  isbn      = {978-1-60558-479-9},
  bibsource = {DBLP, http://dblp.uni-trier.de}
}



@InProceedings{WilliamsMM03,
  author =	 {N. Williams and B. Marre and P. Mouy},
  title =	 {On-the-fly generation of structural tests for {C}
                  functions},
  booktitle =	 {{ICSSEA'03}},
  address =	 {Paris},
  year =	 2003,
  month =	 {October}
}


@inproceedings{Ball_FMCO2004,
  author =	 {Thomas Ball},
  title =	 {A Theory of Predicate-Complete Test Coverage and
                  Generation},
  booktitle =	 {the Third International Symposium on 
    Formal Methods for Components and Objects ({FMCO} 2004)},
  year =	 2004,
  pages =	 {1-22},
  publisher = {Springer},
  series    = {LNCS},
  volume    = {3657},
}
% address =	 {Leiden, The Netherlands},


@inproceedings{Chebaro_GDR_GPL_2010,
  author =	 {Omar Chebaro and Nikolai Kosmatov and Alain Giorgetti 
                  and Jacquues Julliand},
  title =	 {Combining {Frama-C} and {PathCrawler} for C Program Debugging. 
                  Extended abstract.},
  booktitle =    {GDR GPL 2010, 2\`emes journ\'ees nationales 
                  du Groupement de recherche CNRS du G\'enie de la programmation et du logiciel},
  year =	 2010,
  address =	 {Pau, France},
  pages =	 {217--218}
}
%pages =	 {217--218},



@inproceedings{DBLP:conf/popl/GodefroidNRT10,
  author    = {Patrice Godefroid and
               Aditya V. Nori and
               Sriram K. Rajamani and
               SaiDeep Tetali},
  title     = {Compositional may-must program analysis: unleashing the
               power of alternation},
  booktitle = {POPL},
  year      = {2010},
  pages     = {43-56},
  ee        = {http://doi.acm.org/10.1145/1706299.1706307},
  crossref  = {DBLP:conf/popl/2010},
  bibsource = {DBLP, http://dblp.uni-trier.de}
}

@inproceedings{CanetCM09_VA,
  author    = {G{\'e}raud Canet and
               Pascal Cuoq and
               Benjamin Monate},
  title  = {{A Value Analysis for C Programs}},
  booktitle = {Ninth International Working Conference on Source Code
               Analysis and Manipulation (SCAM'09)},
  year   = 2009,
}

@book{555142,
  author = {Nielson, Flemming and Nielson, Hanne R. and Hankin, Chris},
  title = {Principles of Program Analysis},
  year = {1999},
  isbn = {3540654100},
  publisher = {Springer-Verlag New York, Inc.},
  address = {Secaucus, NJ, USA},
}


@Misc{eurocheck_page,
  key =		 {eurocheck_page},
  author =	 {Barry Rutten},
  title =	 {eurocheck},
  year =	 {2011},
  note =	 {\mbox{http://freshmeat.net/projects/eurocheck}},
}

@Misc{eclipse_platform,
  key = {eclipse_platform},
  author = {{The Eclipse Foundation}},
  title = {Eclipse},
  note = {\url{http://www.eclipse.org/}},
  year = {2011},
}


@INPROCEEDINGS{Cok04esc/java2:uniting,
    author = {David R. Cok and Joseph R. Kiniry},
    title = {{ESC/Java2:} Uniting {ESC/Java} and {JML}},
    booktitle = {the International Workshop on 
      Construction and Analysis of Safe, Secure and Interoperable Smart Devices ({CASSIS} 2004)},
    year = {2004},  
    pages     = {108--128},
    publisher = {Springer},
    series    = {LNCS},
    volume    = {3362},
}

@manual{ACSL,
    author = {Baudin, Patrick and Filli\^{a}tre, Jean C. and Hubert, Thierry and March\'{e}, Claude and Monate, Benjamin and Moy, Yannick and Prevosto, Virgile},
    citeulike-linkout-0 = {http://frama-c.cea.fr/acsl.html},
    keywords = {acsl, frama-c},
    month = sep,
    priority = {0},
    title = {{ACSL}: {ANSI/ISO} C Specification Language, v1.6},
    note = {URL:~http://frama-c.com/acsl.html},
    year = {2012}
}

@manual{ACSL2011,
    author = {Baudin, Patrick and Filli\^{a}tre, Jean C. and Hubert, Thierry and March\'{e}, Claude and Monate, Benjamin and Moy, Yannick and Prevosto, Virgile},
    citeulike-linkout-0 = {http://frama-c.cea.fr/acsl.html},
    month = feb,
    priority = {0},
    title = {{ACSL}: {ANSI/ISO} C Specification Language},
    url = {http://frama-c.com/acsl.html},
    year = {2011}
}

@article{csallner04jcrasher,
   author = {Christoph Csallner and Yannis Smaragdakis},
   title = {{JCrasher}: An automatic robustness tester for {Java}},
   journal = {Software --- Practice \& Experience},
   volume = {34},
   number = {11},
   pages = {1025--1050},
   month = sep,
   year = {2004}
}

@inproceedings{csallner06dynamically,
   author = {Christoph Csallner and Yannis Smaragdakis},
   title = {Dynamically discovering likely interface invariants},
   booktitle = {the 28th ACM/IEEE International Conference on Software
	Engineering ({ICSE} 2006), Emerging Results Track},
   pages = {861--864},
   publisher = {ACM},
   month = may,
   year = {2006}
}

@manual{E-ACSL,
  author = {Julien Signoles},
  title  = {E-ACSL: Executable ANSI/ISO C Specification Language},
  year   = 2012,
  month  = jan,
  note   = {\url{http://frama-c.com/download/e-acsl/e-acsl.pdf}}
}

@Misc{EACSL_Homepage,
  key =		 {EACSL_Homepage},
  author =	 {Julien Signoles},
  title =	 {The {E-ACSL} homepage.},
  year =	 2012,
  note =	 {\mbox{http://frama-c.com/eacsl.html/}},
}

@manual{eacsl-implem,
  author = {Julien Signoles},
  title  = {E-ACSL Version 1.5-4. 
            Implementation in {Frama-C} Plug-in {E-ACSL} version 0.1},
  year   = 2012,
  month  = jan,
  note   = {\url{http://frama-c.com/download/e-acsl/e-acsl-implementation.pdf}}
}

@manual{gmp,
  author = {{The Free Software Foundation}},
  title  = {GMP: The GNU Multiple Precision Arithmetic Library},
  note   = {\url{http://gmplib.org}},
}

@inproceedings{Ge_TXI_ICSE2011,
  author    = {Xi Ge and
               Kunal Taneja and
               Tao Xie and
               Nikolai Tillmann},
  title     = {{DyTa:} dynamic symbolic execution guided with static verification
               results},
  booktitle = {the 33rd International Conference on Software Engineering ({ICSE} 2011)},
  year      = {2011},
  pages     = {992--994},
  publisher = {ACM},
}

@article{JAITjait03011020,
	author = {Tho Quan and Phung Nguyen and Thang Bui and Thuan Le and An Nguyen and Duc Hoang and Vu Nguyen and Binh Nguyen},
	title = {{iiOSProTrain: An Interactive Intelligent Online System for Programming Training}},
	journal = {Journal of Advances in Information Technology},
	volume = {3},
	number = {1},
	year = {2012},
	url = {\url{http://ojs.academypublisher.com/index.php/jait/article/view/jait03011020}}
}

@Manual{AcslByExample,
    author={Jochen Burghardt and Jens Gerlach and Kerstin Hartig and 
            Hans Pohl and Juan Soto},
    title={ACSL by Example. A fairly complete tour of ACSL features through 
           various functions inspired from C++ STL},
    note={Version 7.1.0 (for {Frama-C} Nitrogen)},
    url={\url{http://www.first.fraunhofer.de/fileadmin/FIRST/ACSL-by-Example.pdf}}
}

@Book{AlmeidaBook11,
author={José Carlos Bacelar Almeida and Maria João Frade and Jorge Sousa Pinto
        and Simão Melo de Sousa},
title={Rigorous Software Development, An Introduction to Program Verification},
series={Undergraduate Topics in Computer Science},
publisher={Springer},
year=2011}


@Misc{TeachingKeY,
author={{KeY Project}},
title={{Uses of KeY for teaching}},
note={\url{http://www.key-project.org/teaching/}}}

@Misc{TeachingFramaC,
author={{\FramaC}},
title={Uses of {Frama-C} for teaching},
note={\\ \url{http://bts.frama-c.com/dokuwiki/doku.php?id=mantis:frama-c:teaching}}}

@Article{FeinererFAC09,
  author =       {Ingo Feinerer and Gernot Salzer},
  title =        {A comparison of tools for teaching formal 
                  software verification},
  journal =      {Formal Aspects of Computing},
  year =         2009,
  volume =    21,
  number =    3}


@article{DBLP:journals/sttt/CuoqMPP11,
  author    = {Pascal Cuoq and
               Benjamin Monate and
               Anne Pacalet and
               Virgile Prevosto},
  title     = {Functional dependencies of {C} functions via weakest pre-conditions},
  journal   = {Int. J. Softw. Tools Technol. Transfer},
  volume    = {13},
  number    = {5},
  year      = {2011},
  pages     = {405--417},
}
%  ee        = {http://dx.doi.org/10.1007/s10009-011-0192-z},
%  bibsource = {DBLP, http://dblp.uni-trier.de}

@article{Choi:1994:SSP:183432.183438,
 author = {Choi, Jong-Deok and Ferrante, Jeanne},
 title = {Static slicing in the presence of goto statements},
 journal = {ACM Trans. Program. Lang. Syst.},
 issue_date = {July 1994},
 volume = {16},
 number = {4},
 year = {1994},
 pages = {1097--1113},
 publisher = {ACM},
} 
% issn = {0164-0925},
% address = {New York, NY, USA},
% keywords = {debugging, program analysis, slicing, testing},
% url = {http://doi.acm.org/10.1145/183432.183438},
% doi = {10.1145/183432.183438},
% numpages = {17},
% month = jul,
% acmid = {183438},


@INPROCEEDINGS{Reps96programspecialization,
    author = {Thomas Reps and Todd Turnidge},
    title = {Program specialization via program slicing},
    booktitle = {the Dagstuhl Seminar on Partial Evaluation}, 
   pages = {409--429},
  publisher = {Springer},
  series    = {LNCS},
  volume    = {1110},
  year      = {1996},
  OPTcrossref =  {},
  OPTkey = 	 {},
  OPTeditor = 	 {},
  OPTnumber = 	 {},
  OPTaddress = 	 {},
  OPTmonth = 	 {},
  OPTorganization = {},
  OPTnote = 	 {},
  OPTannote = 	 {},
}


@INPROCEEDINGS{Necula02cil:intermediate,
    author = {George C. Necula and Scott Mcpeak and Shree P. Rahul and Westley Weimer},
    title = {CIL: Intermediate language and tools for analysis and transformation of C programs},
    booktitle = {the  International Conference on Compiler Construction ({CC} 2002)},
    year = {2002},
    pages = {213--228},
  publisher = {Springer},
  series    = {LNCS},
  volume    = {2304},
}

@InProceedings{mycil,
  author =	 {George C. Necula and Scott McPeak and S.P. Rahul and
                  Westley Weimer},
  title =	 {{CIL}: Intermediate Language and Tools for Analysis
                  and Transformation of {C} Programs},
  booktitle =	 {CC'02},
  year =	 2002,
  pages =	 {213--228},
}
%  address =	 {Grenoble, France},


@inproceedings{DBLP:conf/ml/CuoqD08,
  author    = {Pascal Cuoq and
               Damien Doligez},
  title     = {Hashconsing in an incrementally garbage-collected system:
               a story of weak pointers and hashconsing in {OCaml 3.10.2}},
  booktitle = {the ACM Workshop on ML ({ML} 2008)},
  year      = {2008},
  pages     = {13--22},
  publisher = {ACM},
}
%  ee        = {http://doi.acm.org/10.1145/1411304.1411308},
%  crossref  = {DBLP:conf/ml/2008},
%  bibsource = {DBLP, http://dblp.uni-trier.de}

@proceedings{DBLP:conf/ml/2008,
  editor    = {Eijiro Sumii},
  title     = {Proceedings of the ACM Workshop on ML, 2008, Victoria, BC,
               Canaday, September 21, 2008},
  booktitle = {ML},
  publisher = {ACM},
  year      = {2008},
  isbn      = {978-1-60558-062-3},
  bibsource = {DBLP, http://dblp.uni-trier.de}
}

@Manual{Celia,
  title =     {CELIA User manual},
  author =    {Cezara Dragoi and Mihaela Sighireanu},
  month =     {Jan},
  year =      {2011},
  note =      {\url{http://www.liafa.jussieu.fr/celia/}},
}

@Manual{Flata,
  title =        {Flata-C},
  author =    {Radu Iosif and Florent Garnier},
  note =      {\url{http://www-verimag.imag.fr/FLATA-C.html}}
}


@article{DBLP:journals/siu/Signoles09,
  author    = {Julien Signoles},
  title     = {Foncteurs imp{\'e}ratifs et compos{\'e}s: la notion
               de projets dans {Frama-C}},
  journal   = {Studia Informatica Universalis, {JFLA} 2009},
  volume    = {7},
  number    = {2},
  year      = {2009},
  pages     = {20-51},
 publisher = {Hermann},
}
%  ee        = {http://studia.complexica.net/index.php?option=com_content{\&}view=article{\&}id=127},
%  bibsource = {DBLP, http://dblp.uni-trier.de}


@inproceedings{DBLP:journals/siu/Signoles11,
  author =       {Julien Signoles},
  title     = {Une bibliothèque de typage dynamique en {OCaml}},
  booktitle = {Journées Francophones des Langages Applicatifs ({JFLA} 2011)},
  pages =     {209--242},
  year =      {2011},
 publisher = {Hermann, Studia Informatica Universalis},
}

@inproceedings{ horwitz88interprocedural,
    author = "Susan Horwitz and Thomas Reps and David Binkley",
    title = "Interprocedural slicing using dependence graphs",
    booktitle = "the {ACM} {SIGPLAN} Conference on Programming Language Design and Implementation ({PLDI} 1988)",
    volume = "23-7",
    pages = "35--46",
    year = "1988",
}
%    journal = "SIGPLAN Notices",
%    month = "June",
%    address = "Atlanta, GA",
%    url = "http://citeseer.nj.nec.com/horwitz90interprocedural.html" 

@article{harman03,
  author = "Mark Harman, David Binkley and Sebastian Danicic",
  title = "Amorphous Program Slicing",
  journal = "Journal of Systems and Software",
  volume = "68",
  number = "1",
  pages = "45--64",  
  year = "2003"
}


@article{Ferrante87,
 author = {Jeanne Ferrante and Karl J. Ottenstein and Joe D. Warren},
 title = {The program dependence graph and its use in optimization},
 journal = {ACM Trans. Program. Lang. Syst.},
 volume = {9},
 number = {3},
 year = {1987},
 pages = {319--349},
 publisher = {ACM Press},
 }
% url = {http://doi.acm.org/10.1145/24039.24041},
% comment = {Introduce the function PDG (program dependence graph)},
% address = {New York, NY, USA},
% issn = {0164-0925},


@inproceedings{Ottenstein84,
 author = {Karl J. Ottenstein and Linda M. Ottenstein},
 title = {The program dependence graph in a software development environment},
 booktitle = {the First {ACM} {SIGSOFT/SIGPLAN} Software Engineering Symposium on Practical Software Development Environments ({SDE 1984})},
 year = {1984},
 pages = {177--184},
 publisher = {ACM Press},
 }
% isbn = {0-89791-131-8},
% url = {http://doi.acm.org/10.1145/800020.808263},
% address = {New York, NY, USA},

@InProceedings{Granger91,
  Author = "P. Granger",
  Title = "Static Analysis of Linear Congruence Equalities
           among Variables of a Program",
  Booktitle = "the International Joint Conference  
    on Theory and Practice of Software Development ({TAPSOFT} 1991),
    Volume 1: Colloquium on Trees in Algebra and Programming ({CAAP} 1991)",
  Publisher = "Springer",
  Year = 1991,
  Series = "LNCS",
  Pages = "169--192",
} 
%  Address = "Brighton, UK",
%  Year = 1991,
%  Editor = "S. Abramsky and T. S. E. Maibaum",
%  Publisher = "Springer",
%  Series = "Lecture Notes in Computer Science",
%  Volume = 493,
%  ISBN = "3-540-53982-4",
%  Pages = "169--192",
%  Abstract = "In this paper, a new kind of static (or semantic)
%             analysis is defined: congruence analysis, which is
%             conceived to discover the properties of the following
%             type: ``the integer valued variable $X$ is congruent to
%             $c$ modulo $m$'', where $c$ and $m$ are automatically
%             determined integers. This analysis is then related to an
%             algebraic framework and wholly characterized. Moreover,
%             we show an example how it can be useful for automatic
%             vectorization. Finally, we present some extensions of it,
%             namely its combination with the analysis of bounds, and
%             also some analysis defined when the modulus of
%             congruences is given \emph{a priori}.",

@techreport{ieee754-2008,
  abstract = {This standard specifies interchange and arithmetic
                  formats and methods for binary and decimal
                  floating-point arithmetic in computer programming
                  environments. This standard specifies exception
                  conditions and their default handling. An
                  implementation of a floating-point system conforming
                  to this standard may be realized entirely in
                  software, entirely in hardware, or in any
                  combination of software and hardware. For operations
                  specified in the normative part of this standard,
                  numerical results and exceptions are uniquely
                  determined by the values of the input data, sequence
                  of operations, and destination formats, all under
                  user control.},
  booktitle = {{IEEE} Std 754-2008},
  author = {{IEEE Std 754-2008}},
  pages = {1--58},
  title = {{IEEE} Standard for Floating-Point Arithmetic},
  note = {\url{http://dx.doi.org/10.1109/IEEESTD.2008.4610935}},
  year = {2008}
}


@inproceedings{Berthome:2010:AMV:1814217.1814219,
 author = {Berthom{\'e}, P. and Heydemann, K. and Kauffmann-Tourkestansky, X. and Lalande, J.-F.},
 title = {Attack model for verification of interval security properties for smart card C codes},
 booktitle = {the 5th {ACM SIGPLAN} Workshop on 
    Programming Languages and Analysis for Security ({PLAS} 2010)},
 year = {2010},
 articleno = {2},
 numpages = {12},
 publisher = {ACM},
} 
% pages = {2:1--2:12},
% isbn = {978-1-60558-827-8},
% series = {PLAS '10},
% location = {Toronto, Canada},
% url = {http://doi.acm.org/10.1145/1814217.1814219},
% doi = {10.1145/1814217.1814219},
% acmid = {1814219},
% address = {New York, NY, USA},
% keywords = {physical attacks, smart card, verification},

@InProceedings{Dassault,
  author =       {Dillon Pariente and Emmanuel Ledinot},
  title =        {Formal Verification of Industrial C Code using {Frama-C}: a Case Study},
  booktitle = {the International Conference on Formal Verification of 
    Object-Oriented Software ({FoVeOOS} 2010)},
  pages = {205--218},
  year = {2010}
}
%editor = {Beckert, Bernhard and Marché, Claude},

@InProceedings{NPIC2012,
  author =  {P. Cuoq and P. Hilsenkopf and F. Kirchner and S. Labbé and N. Thuy and B. Yakobowski},
  title =        {Formal verification of software important to safety using the {Frama-C} tool suite},
  booktitle = {the 8th International Conference on Nuclear Plant Instrumentation and Control ({NPIC} 2012)},
  year =      {2012},
  month =     {July},
}

@InProceedings{KosmatovTaicPart2009,
  author =  {Nikolai Kosmatov},
  title =        {On Complexity of All-Paths Test Generation. {From} Practice to Theory},
  booktitle = {Proceedings of the Testing: Academic and Industrial Conference - Practice and 
Research Techniques ({TAIC PART} 2009)},
  year =      {2009},
  month =     {September},
  pages = {144-153},
 publisher = {IEEE Computer Society Press},

}

@inproceedings{CanetCM09,
  author    = {G{\'e}raud Canet and
               Pascal Cuoq and
               Benjamin Monate},
  title     = {A Value Analysis for {C} Programs},
  booktitle = {the Ninth {IEEE} International Working 
   Conference on Source Code
   Analysis and Manipulation ({SCAM} 2009)},
  year      = {2009},
  publisher = {IEEE Computer Society},
  pages     = {123--124},
}

@inproceedings{CuoqMPPRYY12,
  author    = {Pascal Cuoq and
               Benjamin Monate and
               Anne Pacalet and
               Virgile Prevosto and
               John Regehr and
               Boris Yakobowski and
               Xuejun Yang},
  title     = {Testing Static Analyzers with Randomly Generated Programs},
  booktitle = {the 4th International NASA Formal Methods Symposium ({NFM} 2012)},
  year      = {2012},
  pages     = {120--125},
  publisher = {Springer},
  series    = {LNCS},
  volume    = {7226},
}

@article{Tip95,
  author    = {Frank Tip},
  title     = {A survey of program slicing techniques},
  journal   = {J. Prog. Lang.},
  volume    = {3},
  number    = {3},
  year      = {1995},
}


@Inbook{Michel2012,
author="Michel, Laurent D. and Van Hentenryck, Pascal",
chapter="Constraint Satisfaction over Bit-Vectors",
title="Principles and Practice of Constraint Programming: 18th International Conference, CP 2012, Qu{\'e}bec City, QC, Canada, October 8-12, 2012. Proceedings",
year="2012",
publisher="Springer Berlin Heidelberg",
address="Berlin, Heidelberg",
pages="527--543",
isbn="978-3-642-33558-7",
doi="10.1007/978-3-642-33558-7_39",
url="http://dx.doi.org/10.1007/978-3-642-33558-7_39"
}

